1741 3132
328 235 384 266 m
422 230 739 265 nrsnocos
777 232 1182 265 nonrvoncit.
1392 224 1491 268 (523

33 345 152 391 parte
165 334 383 376 restituta:
415 335 481 373 Tu
493 347 593 374 vero
609 331 831 372 nobiscum
845 333 987 371 omnia
1005 332 1221 373 sicrefice:
1246 327 1491 383 Ἀποκναίει,

33 389 284 447 ἆποκάμνει,
317 388 528 439 ἀπολλύει,
561 388 789 443 ἄποτρίβει,
822 383 1063 431 ἀποκόπτει·
1101 385 1305 432 Ἀπολλύει
1336 405 1358 429 e
1392 389 1492 428 Sui-

36 449 109 499 εἶα,
143 449 254 502 apud
279 463 401 503 quem
423 462 512 488 eam
539 460 684 486 vocem
707 460 728 484 e
750 445 856 486 Mss.
885 446 1073 485 restituit
1103 446 1367 485 acutissimus
1391 444 1490 484 Ku-

35 517 178 555 sterus,
214 505 418 545 desumsi:
452 504 556 543 alias
588 500 799 542 adrideret
825 516 925 541 sane
959 500 1146 551 ἄποξύει·
1191 503 1261 541 cui
1295 501 1490 542 emenda-

35 562 149 601 tioni
181 572 440 601 momentum
475 559 647 600 adderet
674 557 745 597 hic
775 572 798 597 e
828 557 970 598 Galeni
1001 557 1151 598 Glossis
1183 562 1326 599 locus:
1361 555 1491 600 Ἀπο-

34 621 210 669 waiam,
241 618 408 672 μάλιστα
427 617 498 670 μὲν
521 615 565 657 τὸ
603 611 820 665 dungh-ew,
859 615 937 668 ἤδη
966 616 1005 657 δὲ
1035 616 1102 656 καὶ
1127 613 1170 657 τὸ
1202 617 1491 668 καταφθείρειν

34 676 104 717 καὶ
122 673 167 716 τὸ
189 677 481 728 κατισχναίειν·
513 686 566 712 ex
595 673 678 711 isto
711 682 849 711 tamen
876 669 1102 714 Ἀπολλύε-ιν
1129 681 1169 711 ct
1203 671 1344 711 Galerii
1372 688 1493 712 κατα-

34 733 219 784 φθείρειν
241 741 355 783 patet
377 728 733 785 significationem
756 732 828 769 τοῦ
845 726 1036 780 φονεύειν
1064 728 1167 767 'huic
1197 728 1325 766 etiam
1359 727 1489 766 verbo

32 801 157 841 posse
180 787 433 838 convenire3
463 786 552 839 ipse
577 798 746 839 quoque
765 783 983 840 Hesychius
996 781 1265 834 ’Λποκναίεις,
1299 780 1490 834 ἀναιρεῖς·

32 842 132 882 vide
155 853 195 882 et
215 839 465 892 ἆπόκναισις.
495 842 678 881 ΗΕΜΒΤ.
712 840 748 883 Ι.
808 841 876 883 Cf.
896 842 1023 881 etiam
1045 841 1171 896 Nigr.
1195 855 1229 882 c.
1251 845 1293 885 8.
1312 851 1354 880 et
1378 840 1487 880 Gall.

28 913 62 941 ο.
86 903 124 943 1.
158 900 314 943 Luam,

144 1011 247 1051 Ead.
268 1015 295 1053 1.
324 1017 392 1057 12.
428 1010 482 1055 Τὸ
505 1012 547 1055 δὲ
577 1015 741 1067 πρᾶγμα
770 1007 997 1066 ’ὑπέρογκον
1022 1005 1103 1064 ἦν)
1132 1010 1184 1051 Id
1216 1019 1301 1060 est,
1344 1023 1488 1058 amor,

32 1067 287 1108 desiderium
311 1069 474 1109 uxoris.
508 1068 685 1109 Gurza:
746 1068 1046 1107 Reddiderunt
1075 1067 1268 1123 Micyllus
1289 1076 1331 1106 et
1361 1066 1494 1105 Bene-

31 1123 183 1174 dictus,
216 1123 284 1164 secl
304 1126 399 1165 haec
419 1141 476 1164 res
495 1125 715 1178 praevaluit
735 1124 926 1179 pondere:
967 1139 1208 1177 quanquam
1240 1123 1462 1162 obscurius
1476 1151 1491 1168 ‚

32 1180 222 1221 voluisse
244 1190 383 1221 tamen
404 1196 475 1220 eos
508 1192 640 1234 puto,
681 1182 750 1221 scd
781 1183 814 1220 is
842 1183 884 1220 in
913 1196 1079 1220 uxorem
1112 1197 1224 1219 amor
1249 1196 1354 1218 meus
1387 1181 1494 1216 omni

27 1235 219 1291 pondere,
251 1237 466 1293 quomodo
499 1238 695 1291 loquitur
723 1236 856 1278 Cicero
889 1237 940 1276 de
960 1237 1044 1277 Off.
1069 1237 1150 1275 III.
1174 1240 1212 1285 0.
1235 1240 1304 1280 35.
1332 1238 1493 1289 gravior

35 1304 132 1344 erat,
159 1310 278 1348 quam
299 1306 340 1334 ut
357 1294 497 1334 hausta
519 1294 660 1334 Lethes
676 1311 781 1349 aqua
798 1297 966 1347 potuerit
991 1295 1203 1347 exstingui.
1266 1290 1493 1346 Ejusmodi

33 1357 145 1389 certe
167 1351 419 1390 sententiam
443 1364 578 1390 nexus
598 1350 808 1390 orationis
831 1350 1055 1389 institutae
1078 1348 1279 1402 requirit:
1313 1347 1383 1386 sed
1406 1349 1496 1385 val-

28 1404 82 1445 de
101 1415 323 1456 vereor-,ut
337 1406 522 1447 Graecae
540 1406 713 1462 linguae
738 1405 1006 1445 consuetudo
1027 1414 1282 1459 potestatem
1305 1404 1421 1442 illam
1446 1403 1494 1440 in

29 1460 252 1516 ὑπέρογκος
272 1463 393 1504 ferat.
456 1462 622 1518 Quare,
655 1463 739 1501 nisi
769 1461 872 1516 quid
895 1462 997 1500 vitii
1027 1461 1196 1513 majoris
1229 1463 1494 1508 occultetur,

31 1519 178 1570 potius
212 1517 323 1558 flexu
350 1517 684 1572 significationis
720 1518 806 1558 levi
840 1517 1019 1568 dedero,
1063 1533 1168 1556 meus
1202 1531 1315 1556 amor
1345 1530 1496 1555 omnem

30 1574 191 1613 modum
221 1574 457 1624 excedebat,
498 1573 688 1630 molisque
712 1573 940 1628 grandioris
966 1584 1073 1624 erat,
1106 1588 1224 1628 quam
1254 1583 1295 1611 ut
1324 1572 1499 1610 Lethaeo

32 1629 183 1685 liquore
200 1631 313 1671 obrui
329 1642 473 1685 posset.
529 1628 761 1685 ‘Ywiqoyncc
785 1644 884 1670 sane
904 1630 1106 1669 dicuntur
1142 1643 1165 1667 a
1194 1628 1367 1668 Graecis
1393 1641 1500 1680 pro-

33 1686 148 1739 prie,
182 1701 289 1740 quae
308 1690 460 1727 molem
485 1686 798 1740 magnitudinis
821 1700 1032 1726 enormem
1057 1684 1241 1733 habent‚'
1273 1694 1402 1737 atque
1423 1683 1500 1721 im-

34 1741 251 1782 moderata
272 1753 396 1782 sunt:
426 1742 524 1784 ideo
549 1742 802 1797 “”Τπε’ρογκον
833 1743 1056 1794 Hesychius
1082 1742 1262 1793 exponit
1285 1754 1373 1778 non
1407 1748 1500 1777 tan-

33 1806 124 1838 tum
146 1799 267 1854 μέγα,
298 1796 485 1851 ὑψηλὸν,
517 1798 590 1838 sed
621 1809 665 1839 ct
689 1791 955 1852 ὗπέρμετροᾶκ·
987 1797 1088 1836 inde
1119 1805 1283 1846 manat,
1319 1809 1398 1849 pro
1430 1805 1498 1834 tu-

35 1853 149 1894 mide
177 1854 441 1913 magnificis,
475 1854 831 1895 extraordinariis
858 1854 1006 1899 rebus,
1060 1867 1251 1908 quaeque
1273 1852 1500 1891 hominum

35 1913 185 1950 oculos
205 1911 258 1950 ad
277 1926 322 1951 se
353 1920 633 1958 convertunt,
677 1910 851 1950 eandem
885 1924 1032 1949 vocem
1070 1910 1201 1962 poni,
1244 1908 1304 1947 sic
1332 1917 1500 1955 tamen,

18 1976 85 2005 ·ut
103 1967 148 2005 in
170 1966 242 2006 illa
259 1977 472 2021 potestate
498 1981 660 2020 semper
677 1967 844 2020 aliquid
866 1966 1019 2005 vitiosi
1034 1976 1161 2019 atque
1184 1963 1378 2004 indecori
1400 1964 1499 2002 hae-

35 2032 126 2063 reat
147 2022 397 2066 admixtum.
457 2024 569 2062 Mox
590 2037 667 2078 pro
691 2020 845 2065 οὐκοῦν
868 2022 981 2062 forte
1000 2036 1087 2061 non
1121 2021 1309 2060 deterius
1340 2023 1500 2074 legere-

37 2088 120 2128 tur,
155 2077 204 2122 σύ
227 2084 340 2135 γοῦν.
374 2081 557 2118 HnMsT.
618 2080 772 2132 Neque
794 2089 931 2118 tamen
954 2088 1176 2131 propterea
1199 2077 1260 2115 sic
1282 2076 1502 2130 scripsisse

37 2134 253 2190 putandus
273 2137 490 2181 Lucianus‚
507 2149 635 2189 quum
660 2134 813 2178 οὐκοῦν
833 2133 1087 2188 reprehendi
1111 2136 1232 2172 nullo
1252 2131 1381 2171 modo
1402 2146 1502 2185 pos-

0 2202 1 2206 ’
38 2192 110 2237 Sit.
163 2189 418 2248 ι’Υσιῑέρογκου
438 2190 595 2247 κράζειν
614 2193 870 2231 Demonact.
898 2206 933 2231 c.
946 2196 1014 2235 48.
1047 2189 1153 2230 ultra
1170 2189 1330 2229 modum
1349 2188 1502 2228 clama-

38 2264 100 2298 re,
143 2258 192 2288 ut
224 2248 332 2290 bene
366 2250 590 2303 interpres.
660 2249 838 2302 Propria
875 2247 917 2286 vi
947 2247 1108 2300 legitur
1137 2247 1242 2284 haec
1274 2259 1358 2284 vox
1387 2246 1501 2283 Tim.

0 2336 2 2338 v
35 2321 71 2349 0.
94 2308 160 2350 15·
199 2306 355 2346 LEH'M·
387 2328 445 2338 --
497 2304 754 2360 ’Υπέρογκον
780 2308 854 2346 τοῦ
885 2301 1062 2356 σώματος
1094 2302 1139 2340 in
1164 2301 1329 2342 Aelian.
1362 2301 1412 2343 V.
1441 2301 1501 2342 H.

34 2360 254 2417 ὑπέρογκοι
277 2360 440 2412 κλάδοι,
473 2358 698 2416 ὑπέρογκος
718 2359 864 2414 φῳνὴ,
895 2356 1118 2414 ’ὑπέρογκος
1135 2356 1250 2406 πόλις
1266 2356 1381 2410 apud
1405 2355 1503 2397 Pol-

37 2418 175 2460 lucem.
218 2417 408 2458 Observa
429 2418 578 2471 itaque
597 2418 707 2456 hanc
729 2418 850 2457 vocis
875 2416 991 2454 illius
1026 2415 1263 2454 notionem.
1294 2413 1502 2453 Heliodoa

0 2479 2 2487 ³
38 2492 106 2515 rus
127 2475 335 2529 singulari
354 2474 480 2513 etiam
503 2475 669 2514 ratione
692 2470 897 2527 ὑπέρογκα
916 2485 1069 2511 vocare
1089 2473 1197 2510 solet
1218 2483 1502 2524 quaecunque

38 2541 140 2570 sunt
157 2530 383 2584 magnifica
403 2540 527 2583 atque
548 2529 910 2578 extraordinaria,
942 2537 1315 2581 spectatorumque
1335 2526 1500 2564 animos

40 2585 323 2626 admiratione
345 2586 471 2626 tacita
495 2584 785 2638 perfundunt;
817 2594 866 2622 ut
899 2597 1130 2638 cognosces
1153 2597 1204 2622 ex
1225 2580 1501 2635 sequentibus

41 2643 271 2694 exemplis:
300 2642 373 2683 lib.
402 2643 452 2682 V.
475 2656 569 2696 pag.
601 2646 697 2685 214.
734 2638 961 2696 ὑπέρογκον
991 2638 1035 2682 τὸ
1058 2640 1169 2687 τέλος
1184 2643 1260 2680 τοῦ
1277 2637 1501 2692 δράματος·

40 2700 316 2752 paullumque
344 2697 467 2739 aliter
487 2697 598 2737 idem
619 2697 696 2737 lib.
719 2697 840 2738 VIII.
868 2711 910 2750 p.
931 2700 1027 2739 299.
1051 2694 1095 2738 τό
1121 2694 1314 2749 φρόνημα
1336 2696 1376 2742 ἐξ
1394 2689 1503 2746 εὖγε-

41 2755 156 2803 νείας
173 2749 418 2809 ὖπέρογκος”
448 2768 491 2811 P-
517 2757 614 2802 314.
643 2755 848 2809 πομπείαν
877 2749 1105 2809 ὕπέρογκόν
1136 2767 1226 2795 τινα
1260 2753 1422 2805 σοβεῖν·
1452 2761 1497 2801 p.
