1741 3132
327 251 386 282 m
420 248 739 282 DrALoeos
775 249 1183 282 monruonum.
1394 237 1489 283 661

36 348 150 392 Saul.
174 349 219 389 in
239 345 461 398 Λεόντιος·
495 351 548 391 Εἰ
579 350 642 390 σοὶ
669 351 731 390 δεῖ
756 380 765 390 .
798 381 806 390 .
840 381 850 391 .
880 382 890 390 .
922 350 953 391 ὠ
977 356 1067 393 παῖ
1108 347 1258 402 κλήρου
1284 347 1490 400 μείζονος,

32 405 58 452 ὅ
84 408 215 463 πατὴρ
240 405 315 463 ἐγώ
344 406 409 449 σοὶ
433 405 481 448 τὰ
510 403 660 448 δυνατα
695 404 1164 475 προςεπιδαψιλεύσομαι
1196 404 1342 445 Liban.
1373 406 1423 443 T.
1452 406 1490 445 J

33 479 75 520 Ρ.
95 470 194 510 788.
215 466 269 504 D
313 462 429 504 Philo
458 463 550 503 Jud.
585 476 625 516 p.
650 465 746 507 775.
769 463 818 503 C
852 466 906 506 Εἰ
931 464 1001 517 μὲν
1035 460 1055 505 ὁ
1086 460 1302 514 ευξάμενος
1333 459 1491 516 (οἰκίαν

30 523 225 591 γενέσθαι
260 516 478 574 ἀνάθεμα)
509 515 820 572 ἄνακομίζεσθαι
866 521 1096 574 προέλοιτο,
1147 518 1403 570 ἐπιὸαψιλευὲ
1408 525 1496 559 σθω

28 576 75 621 τὸ
101 580 299 632 πέμπτον,
329 579 485 631 insuper
502 575 669 631 adjiciat
698 586 733 615 et
760 577 955 631 ρειεοῖιαι
984 579 1160 631 quintam
1188 586 1351 631 partem.
1413 573 1497 613 Sed

26 635 213 674 minime
249 634 604 688 praetereundus,
657 646 780 686 quem
824 645 865 674 et
910 634 1058 673 Suislas
1096 633 1266 687 posuit,
1299 631 1496 685 egregius

29 691 372 731 Herodotilocus
396 690 448 729 V.
466 703 558 743 cap.
577 693 645 732 20.
676 689 754 728 ubi
789 689 1027 730 Alexander
1055 689 1267 740 Amyntae
1298 687 1411 725 filius
1443 685 1497 725 ad

30 747 178 786 Persas
200 750 362 802 legatos
381 749 463 800 jam
488 749 568 799 jam
601 745 711 785 dolis
743 749 834 799 ejus
863 747 1098 800 perituros,
1139 736 1265 784 Nihil
1295 754 1378 792 est,
1423 743 1498 780 iu-

30 804 154 858 quit,
186 813 423 843 nostrarum
453 815 617 852 terum,
661 802 778 856 quod
817 803 938 842 vobis
967 802 1260 850 invideamus,
1299 814 1383 855 quo
1422 799 1498 837 mi-

30 873 113 898 nus
131 860 331 899 omnibus
356 859 407 898 ad
431 872 508 898 vos
526 858 891 899 abundantissime
913 858 1080 898 collatis
1106 856 1336 897 fruamini:
1370 853 1499 908 καὶδὴ

31 917 101 958 και
119 913 208 958 τόδε
229 915 273 958 τὸ
290 912 453 957 πάντων
471 917 668 984 μέγιστον,
688 912 759 965 τάς
777 933 817 958 τε
837 918 997 957 ἒωῦτῶν
1020 917 1190 968 μητέρας
1211 915 1278 955 καὶ
1293 910 1365 961 τοὶς
1388 911 1501 954 ἁδελ-

31 989 137 1026 φεας
154 972 525 1025 ἐπιδαψιλευόμεθα
545 969 662 1025 ὑμῖν·
695 972 741 1010 in
762 973 919 1026 quibus
941 981 1005 1011 est
1025 971 1251 1010 manifesta
1273 984 1349 1021 per
1377 984 1420 1009 se
1446 970 1500 1007 si-

29 1028 267 1083 gnificandi
292 1030 443 1067 virtus.
506 1029 622 1068 Hinc
645 1029 730 1068 alio
751 1030 921 1079 transit,
957 1028 1209 1080 cunctisque
1229 1025 1368 1071 rebus,
1394 1039 1502 1079 quae

29 1085 303 1124 luculenter
292 1099 336 1123 in
356 1083 536 1124 aliorum
567 1086 797 1125 utilitatem
833 1093 1099 1139 praestantur
1119 1098 1167 1123 ac
1203 1082 1500 1131 conferuntur,

29 1141 170 1194 aptari
188 1144 319 1193 solet3
350 1141 464 1196 quod
488 1143 641 1181 iterum
664 1141 716 1180 ad
739 1151 879 1195 partes
901 1140 1135 1191 vocandus,
1167 1139 1241 1192 qui
1269 1141 1336 1177 vel
1360 1137 1502 1190 inpii·

28 1198 109 1236 mis
141 1197 226 1237 hoc
250 1197 379 1237 verbo
413 1196 669 1249 delectatur,
702 1198 820 1238 Philo
846 1198 940 1239 Jml
971 1174 1238 1237 confim'mbit
1267 1209 1306 1248 Ρ
1330 1200 1426 1239 712.
1449 1194 1499 1234 G.

30 1251 413 1306 ἐπιδαψιλευόμενος
432 1253 474 1295 δὲ
493 1253 538 1295 τὸ
557 1256 641 1296 ε’πιε
646 1255 724 1304 mig·
743 1253 865 1297 πάλιν
885 1257 1085 1302 πλουσίως
1104 1250 1214 1309 αυτοῖ
1241 1252 1309 1292 καὶ
1335 1248 1500 1293 navand-

31 1327 115 1364 ρως
133 1315 288 1365 χρῆται·
322 1310 470 1349 iisdem
494 1325 630 1364 paene
651 1311 793 1352 verbis
816 1311 1002 1351 I-Iebiaei
1025 1295 1284 1364 legislatoris
1305 1308 1503 1362 aequita-

31 1376 116 1406 tem
130 1366 430 1420 laudaveratp.
441 1372 535 1410 701.
548 1369 605 1409 D.
620 1377 766 1407 contra
782 1383 835 1408 ne
856 1383 950 1407 cum
972 1368 1130 1407 Solone
1144 1364 1314 1418 quidem
1332 1377 1501 1415 compa-

29 1422 284 1477 raridiguus
299 1424 465 1462 estAea
442 1424 633 1478 gyptius,
651 1424 726 1494 qui
753 1425 931 1464 fratrum
947 1435 1227 1475 s0101u1u41ue
1239 1430 1416 1460 naturae
1432 1419 1504 1458 ad-

29 1491 150 1518 versa
174 1479 389 1518 connubia
409 1479 648 1519 concedens
670 1478 905 1534 ευφόρησεν
923 1483 979 1529 εἰς
999 1477 1203 1547 ἀσέλγειαν
1224 1472 1505 1529 ἐπιδαψιλευό-

31 1551 156 1588 μενος
179 1534 509 1586 δυςθεράπευτον
528 1535 656 1577 κακὸν
677 1550 834 1589 σωιιασι
859 1553 926 1578 και
944 1540 1095 1588 ψυχαῖς
1115 1532 1313 1588 ἀκρασίαν
1339 1548 1382 1587 Ρ.
1406 1537 1503 1577 779

31 1592 85 1633 Ε.
105 1599 148 1631 et
166 1605 208 1645 Ρ.
234 1596 301 1634 18
321 1591 382 1631 D.
414 1590 488 1645 τὴν
506 1593 549 1633 ἐκ
567 1595 646 1632 τῶν
673 1589 800 1633 όντων
833 1590 969 1647 φοράν
993 1590 1090 1633 α’νευ
1119 1593 1258 1644 τέχνης
1285 1592 1506 1644 γεωργικῆς

33 1645 447 1714 ἐπιδαψιλεύσασθαι.
502 1647 643 1687 Simili
675 1647 804 1687 modo
840 1649 1076 1688 Themisrius
1103 1661 1208 1715 pag.
1221 1651 1317 1690 223.
1337 1647 1396 1684 D·
1423 1648 1504 1688 ἐπι

34 1701 319 1757 δαψιλεύσεταί
339 1719 408 1755 μοι
425 1720 447 1744 ο
466 1704 716 1756 μουσηγέτης
741 1704 1074 1755 (Theodosius)
1098 1704 1165 1745 καὶ
1185 1700 1401 1768 ἀμείνονος
1421 1719 1506 1743 και,

34 1758 110 1813 ρὸν
137 1762 350 1815 μελῳδίας
392 1759 505 1813 quod
534 1774 556 1798 a
582 1759 742 1800 Petavio
772 1775 964 1810 versum,
996 1762 1154 1813 insuper
1181 1762 1424 1799 occasionem
1455 1762 1506 1798 sie

29 1817 306 1872 praebiturus.-
334 1815 489 1866 malim,
522 1815 590 1856 sed
612 1828 872 1870 opportunam
894 1817 992 1856 mihi
1012 1816 1184 1855 meliorts
1206 1826 1411 1855 concentus
1431 1831 1507 1855 co·-

32 1875 158 1943 piam
176 1883 231 1912 est
262 1871 487 1925 largiturus.
554 1871 685 1927 Syrtes.
721 1874 800 1927 Ep.
828 1873 1010 1912 LXVII.
1041 1887 1082 1925 p-
1103 1877 1200 1915 214.
1230 1873 1280 1912 A·
1311 1888 1380 1913 και
1410 1871 1508 1912 ἄλλοι

20 1928 161 1972 πολλὰ
191 1932 457 1983 προςεξευρεν
489 1929 874 1983 ἐπιδαψιλευόμενος
906 1926 1015 1986 αὐτῷ
1044 1927 1224 1983 πόρους·
1255 1927 1332 1965 ubi
1366 1941 1506 1966 veram

38 1984 278 2025 sententiae
301 1985 386 2023 vim
411 1983 519 2025 idem
542 1985 725 2025 Petavius
742 2000 833 2024 non
855 1973 1087 2038 perspexit.
1146 1983 1286 2023 Ειιεεῖπ.
1309 1983 1360 2022 de
1379 1984 1431 2023 V
1455 1983 1502 2023 C.

35 2042 120 2082 111·
142 2055 184 2096 Ρ
198 2046 294 2085 608.
313 2037 368 2082 O
389 2041 577 2095 Σωτὴρ.
656 2072 666 2082 .
703 2073 712 2082 .
744 2041 816 2094 τήν
836 2043 981 2083 ἑαυτοῦ
999 2038 1239 2092 ἐπιφάνειαν
1253 2044 1310 2098 τῷ
1326 2036 1508 2094 Ἀβραὰμ

37 2097 400 2150 ἐπεδαψιλεύσατο·
436 2112 542 2151 quae
571 2107 805 2138 vertentem
830 2100 859 2136 Ῑ
859 2097 1032 2137 alesiam
1054 2097 1275 2150 scripsisse
1282 2084 1506 2136 credibile

42 2153 226 2204 videtur,
252 2157 496 2208 praesentiae
517 2170 610 2193 suae
628 2157 781 2208 copiam
803 2154 996 2194 Abrahae
1015 2153 1145 2209 ficit,
1178 2167 1290 2203 non,
1325 2152 1470 2207 quod
1461 2166 1507 2190 m

41 2209 172 2251 editis
195 2210 344 2259 fertur,
367 2213 640 2263 praestantiae.
681 2209 747 2248 Ad
771 2209 882 2249 hano
899 2211 1106 2248 rationem
1131 2208 1292 2262 optime
1313 2208 1505 2262 quadrat,

46 2267 124 2320 qui
141 2265 419 2312 Genhivum,
454 2265 527 2304 sed
549 2266 695 2305 hocin
721 2280 821 2305 casu
837 2265 1096 2305 Accusativo
1116 2279 1275 2319 parem,
1309 2264 1511 2317 adjunxit

42 2323 266 2376 Xenophon
291 2321 529 2390 Cyropaed.
555 2322 612 2363 ΙΙ.
637 2337 678 2375 p
697 2327 764 2366 29.
783 2320 877 2376 ημῖν
896 2323 937 2364 δὲ
956 2319 1140 2370 πάντως,
1172 2322 1274 2374 ἐφη,
1308 2322 1350 2363 ἐν
1380 2323 1510 2369 τοῖςδε

44 2385 131 2428 τοῖς
153 2381 287 2431 φίλοις
315 2375 464 2420 τούτου
483 2383 559 2421 τοῦ
591 2375 727 2432 ὀλίγου
751 2374 865 2429 ἀξίου
893 2380 1061 2433 γέλωτος
1088 2375 1397 2430 ἐπιδαψιλευσῃ·
1431 2377 1508 2416 ubi

45 2450 123 2489 pro
153 2433 378 2474 liberaliter
396 2446 430 2473 et
455 2438 609 2488 copiose
624 2435 779 2492 fundes
801 2435 1074 2488 purissimum
1109 2435 1359 2487 scriptorem
1390 2447 1509 2473 usur·

45 2499 169 2545 passe
191 2491 297 2531 bene
321 2500 446 2530 notat
467 2491 673 2540 Budaeus,
708 2502 835 2545 atque
865 2490 968 2530 adeo
989 2490 1241 2529 tantundem
1263 2503 1377 2540 esse,
1408 2504 1455 2529 ac
1473 2489 1509 2527 si

49 2545 222 2597 diceret,
250 2546 459 2600 praelarge
479 2548 592 2587 nobis
610 2547 765 2586 ridendi
785 2551 988 2587 materiam
1006 2546 1220 2600 praebebis.
1280 2522 1378 2585 Pari
1392 2555 1509 2584 stru-

51 2611 168 2641 ctura
197 2618 285 2642 non
318 2603 567 2657 infrequens
588 2605 861 2656 Xenophontis
884 2605 1076 2641 imitator
1105 2602 1281 2642 Basilzus
1299 2603 1425 2642 Hom.
1453 2600 1507 2643 X.

52 2672 94 2712 p.
119 2663 185 2702 85.
209 2660 260 2700 E.
283 2659 319 2697 si
339 2659 661 2700 contumeliosis
685 2659 812 2698 dictis
838 2661 1062 2707 incessam,
1096 2659 1275 2697 aliorum
1300 2657 1510 2696 insaniam

57 2715 314 2755 exercendae
333 2725 432 2756 tuae
450 2715 624 2758 virtutis
643 2716 908 2756 occasionem
932 2714 1083 2766 duem,
1111 2713 1221 2765 ὥςτε,
1251 2710 1304 2756 ἂν
1323 2714 1411 2768 ἐμοὶ
1428 2715 1510 2756 πεί-
