1741 3132
368 235 777 266 1N1›1Ar.ooos
816 235 1220 271 monrnonum.
1431 231 1530 275 467

285 332 495 373 Constitit
522 343 654 387 utque
676 336 847 387 procul
882 336 1010 374 solito
1034 339 1192 389 majore
1214 336 1429 377 cachinno

343 390 585 429 Concussus
608 389 743 430 dixit:
777 391 880 444 quid
900 391 979 429 tibi
1003 392 1182 433 divitiae

281 445 411 486 Nunc
433 456 634 500 prosunt,
667 449 832 501 Regum
859 461 883 485 o
907 447 1139 495 ditissime
1174 464 1301 502 quum
1329 451 1387 489 sis

338 504 458 542 Sicut
487 518 564 556 ego
588 506 729 555 solus,
759 518 823 542 me
846 517 1017 558 quoque
1040 506 1290 557 pauperior:

282 559 392 598 Nam
418 573 695 614 quaecunque
721 558 851 598 habui
866 575 1025 599 mecum
1046 562 1152 611 seio,
1170 578 1294 616 quum
1312 562 1450 602 nihil
1439 579 1529 619 ipse

339 617 407 654 Ex
432 615 561 654 tantis
593 625 752 666 tecum,
788 615 968 666 Croeso,
1005 618 1112 655 ieras
1136 619 1305 669 opibus.

58 672 279 727 Integrum
304 672 614 724 repraesentavi
644 685 808 712 caimen
830 648 1026 721 Ansoizil,
1063 674 1179 727 quod
1200 679 1303 713 mul.
1310 691 1331 714 a
1364 679 1450 716 siut
1473 679 1532 717 si·

59 729 153 768 mili
185 743 309 768 sensu
339 730 514 768 Luc-lani
544 729 784 782 Colloquiis
815 728 1028 782 inspersa:
1075 740 1240 783 praeter
1273 733 1354 772 hoc
1389 745 1529 774 autem

58 799 195 839 pauca
210 785 493 849 'reperIuntur
527 786 608 823 alia
629 785 672 823 in
692 784 904 838 ffFlmilegio
931 785 1081 826 Graeco
1104 801 1242 851 comp
1233 789 1332 829 tria.
1394 791 1529 830 Porro

57 840 346 881 recentiorum
380 855 466 880 non
495 854 656 892 paucos
691 841 882 895 lepidum
911 842 1088 882 Luciani
1112 843 1360 883 institutum
1398 848 1527 899 cepit,

58 908 101 936 et
123 896 175 936 ad
197 897 353 936 similia
376 896 578 937 tentanda
612 898 833 952 compulit.
895 898 1021 937 Janus
1052 898 1255 939 Secundus·
1274 911 1437 941 nostras
1464 904 1529 940 in·

57 954 185 1008 genio
216 962 259 993 et
291 962 381 992 arte
413 968 622 1004 summus,
656 957 882 1008 plerosque
916 956 1116 994 Auctoris
1144 956 1281 995 nosui
1313 958 1527 1013 Dialogus

55 1009 231 1049 Latinis
260 1010 452 1049 versibus
483 1009 658 1050 reddere
692 1011 997 1060 constituerat,
1046 1018 1165 1064 cujus
1199 1026 1324 1051 curae
1358 1018 1527 1069 elegans

56 1065 169 1105 inter
198 1069 289 1119 ejus
322 1080 449 1119 opera
483 1067 696 1118 specimen
724 1077 928 1120 superest.
1004 1068 1228 1108 Praetereo
1257 1069 1446 1109 vividum
1484 1081 1528 1110 et

54 1121 215 1161 mobile
251 1123 472 1161 Gallorum
506 1124 752 1176 ingenium,
800 1137 980 1177 quorum
1019 1127 1256 1177 complures
1297 1127 1526 1167 artificium

53 1178 230 1218 Luciam'
250 1178 333 1218 hoc
359 1178 405 1216 in
420 1192 592 1248 ‚geneiem
603 1189 703 1217 sunt
724 1180 936 1221 aemulati
979 1180 1169 1219 ΗιῑΜεΤ.
1192 1180 1226 1219 Ι.

167 1232 659 1289 Ead.l.13.'.›1va[3acovaa
678 1235 847 1291 αὔριον)
878 1236 1032 1274 Pollux
1045 1235 1170 1275 Jovls
1191 1251 1242 1276 ex
1254 1237 1373 1276 Leda
1395 1237 1524 1289 filius,

54 1299 98 1330 et
119 1289 310 1330 Castoris
333 1292 483 1338 frater,
521 1292 610 1344 qui,
643 1306 738 1331 cum
766 1292 1016 1330 immortalis
1045 1301 1168 1342 esset,
1203 1302 1355 1346 utpote
1375 1294 1527 1334 eodem

54 1360 139 1386 ovo
171 1361 265 1385 cum
299 1347 464 1387 Helena
490 1358 748 1402 prognatus,
782 1362 804 1385 a
837 1347 946 1387 Jove
979 1349 1116 1387 fertur
1137 1350 1336 1400 petiisse,
1370 1360 1419 1388 ut
1441 1351 1528 1390 sibi

53 1417 147 1442 cum
165 1403 296 1442 fratre
313 1403 404 1442 vita
435 1404 589 1443 functo
620 1404 982 1443 immortalitatem
1012 1418 1131 1442 suam
1165 1406 1317 1457 partiri
1348 1408 1524 1447 liceret:

52 1473 136 1513 qua
154 1474 197 1498 re
218 1459 468 1512 impetrata,
502 1461 676 1498 alternis
705 1460 814 1499 mori
836 1459 1064 1499 traduntur
1096 1470 1140 1500 et
1159 1461 1438 1514 reviviscere,
1473 1462 1528 1502 de

51 1514 208 1570 quibus
234 1514 378 1568 ngil.
402 1515 475 1556 VI.
500 1516 604 1558 Aen,
644 1516 791 1556 COGN.

159 1571 264 1611 Ead.
288 1575 315 1609 l.
342 1573 405 1615 14.
440 1573 682 1627 Μένιππον)
716 1573 865 1613 Clarus
885 1581 982 1611 ante
996 1572 1222 1612 Lucianum
1243 1575 1327 1626 jam
1351 1574 1438 1613 suis
1453 1574 1525 1613 Sa-

49 1628 159 1668 tvris
183 1627 256 1666 hic
282 1628 534 1682 Menippus,
595 1629 648 1669 V.
672 1629 730 1670 A.
760 1628 861 1669 Gall.
885 1629 953 1675 Π,
981 1633 1045 1672 18.
1079 1629 1261 1668 Nobilem
1286 1629 1429 1669 Canem
1449 1645 1525 1669 vo-

51 1693 120 1723 cat
143 1685 231 1725 Ter.
255 1684 402 1723 Varro.
464 1684 552 1723 Cur
576 1695 716 1724 autem
737 1685 847 1724 tanti
868 1683 985 1726 hunc
1003 1685 1216 1736 Cynicum
1238 1685 1525 1737 fece1it,(vi-

49 1739 169 1780 debis
189 1740 303 1778 enim
323 1740 369 1777 in
389 1740 457 1778 his
484 1741 635 1779 summi
661 1741 803 1780 helois
837 1750 974 1792 partes
996 1744 1151 1793 agere)
1176 1740 1263 1779 duo
1288 1740 1393 1795 fingi
1424 1756 1526 1805 pos-

0 1794 1 1837 J
49 1805 173 1835 sunt:
209 1794 325 1849 quod
346 1797 567 1848 popularis
590 1796 788 1844 Luciam,
822 1797 1031 1852 (uterque
1047 1795 1160 1836 enim
1183 1809 1205 1835 e
1229 1773 1374 1848 Syriae,
1376 1799 1525 1836 oriun-

0 1845 2 1849 ¹
50 1851 152 1901 dus,
186 1864 428 1906 quanquam
459 1851 533 1890 ille
565 1852 735 1904 quidem
766 1848 970 1893 ἀνέκαθεν
1003 1869 1055 1904 ην
1088 1854 1249 1902 Φοίνιξ,
1281 1853 1312 1895 i.
1333 1867 1367 1893 e.
1393 1855 1524 1907 longe

0 1935 1 1958 3
48 1917 215 1947 tantum
238 1908 376 1971 petito
398 1910 581 1962 genere)
615 1917 655 1946 et
674 1907 787 1962 quod
809 1907 885 1946 vix
909 1907 1134 1960 quisquam
1159 1908 1344 1947 atrocius
1366 1909 1411 1946 in
1434 1924 1523 1948 om-

0 1970 1 2010 }
47 1977 123 2004 nes
149 1963 337 2003 omnium
358 1963 556 2002 ordinum
577 1963 788 2012 homines,
814 1963 1099 2016 philosophos
1119 1964 1407 2017 potissimum,
1429 1975 1521 2004 tum

0 2036 2 2064 γ
28 2019 179 2060 χ(Ῑίοῐὶε
202 2029 291 2058 tum
317 2019 487 2083 scriptis
509 2019 798 2060 desaeviisset.
831 2019 930 2058 vide
953 2019 1026 2058 Bis
1049 2021 1202 2059 Aecus.
1225 2035 1257 2061 c.
1279 2026 1346 2064 33.
1388 2020 1521 2073 Quod

49 2086 190 2115 autem
222 2076 410 2126 Socrati,
445 2078 540 2116 viro
569 2091 757 2125 summo,
792 2074 972 2123 accidit,
1002 2085 1051 2113 ut
1085 2076 1176 2115 sine
1210 2076 1380 2128 seiiptis
1406 2075 1523 2128 apud.

46 2141 241 2185 posteros
268 2145 429 2170 summa
459 2131 626 2185 ingenii
665 2132 815 2181 laude,
847 2145 922 2184 per
951 2132 1133 2185 Xenoph.
1175 2142 1218 2171 et
1251 2132 1358 2172 Plat.
1392 2132 1521 2171 dictis

48 2191 140 2241 ejus
161 2187 388 2226 memoriae
405 2187 609 2239 proditis,
627 2187 836 2238 floiuerit‚
854 2187 897 2225 id
913 2187 1221 2241 propemodum
1245 2197 1289 2227 et
1307 2187 1409 2226 huic
1422 2189 1522 2227 Me-

45 2244 182 2296 nippo
211 2257 286 2295 per
306 2242 533 2282 Lucianum
565 2244 735 2283 accidit.
795 2242 838 2282 Is
869 2244 1005 2291 enim,
1039 2257 1147 2295 quae
1170 2244 1261 2297 ipse
1293 2244 1523 2298 scripserat

47 2298 303 2352 deperditis,
337 2298 383 2336 in
402 2298 520 2339 hisce
539 2299 716 2339 Luciam:
731 2303 884 2354 longe,
919 2309 968 2337 ut
988 2299 1178 2348 videtur,
1209 2300 1361 2338 melius
1385 2311 1426 2339 et
1447 2315 1522 2338 sa·-

45 2355 113 2408 pit
135 2364 176 2394 et
200 2352 336 2395 floret.
396 2355 600 2408 Menippi
625 2357 745 2395 fuere
778 2356 862 2394 duo
886 2355 1068 2407 Cynici:
1101 2355 1320 2410 antiquior
1356 2355 1427 2395 hic
1449 2371 1523 2396 ce-

44 2411 313 2460 leberrimus¹
357 2409 409 2449 de
440 2424 525 2464 quo
559 2412 679 2465 Diog.
715 2413 852 2451 La'c'rh
884 2411 959 2451 VI.
990 2426 1024 2452 c.
1047 2415 1115 2454 99.
1148 2411 1316 2464 junior,
1351 2410 1402 2450 de
1433 2427 1519 2467 quo

44 2466 372 2520 Philostratusp.
400 2472 493 2511 164.
528 2467 763 2520 Ezmapz'us
752 2483 796 2506 m
824 2481 1013 2520 prooem.
1036 2481 1076 2520 p.
1106 2472 1173 2510 11.
1199 2466 1246 2506 C.
1275 2482 1400 2521 quem
1424 2483 1521 2521 per-

46 2522 199 2576 stringi
231 2522 302 2561 hic
333 2532 376 2561 et
402 2523 448 2563 in
482 2524 660 2577 reliquis
694 2523 812 2564 hisce
845 2523 1054 2577 dialogis,
1087 2533 1213 2576 putat
1244 2522 1517 2564 doctissimus

46 2577 281 2618 Philostrati
309 2577 531 2632 interpres.
592 2579 674 2619 Sed
701 2590 830 2620 errat:
863 2579 963 2619 vlde
993 2579 1132 2632 ipsum
1162 2580 1387 2619 Lucianum
1410 2582 1520 2619 Me-

47 2633 226 2685 nippum
246 2646 405 2674 veterem
426 2635 585 2675 diserto
606 2652 628 2675 a
647 2651 734 2676 sese
754 2635 975 2684 adscitum,
1010 2635 1088 2673 sub
1113 2635 1293 2690 Dialogi
1315 2650 1512 2689 persona,

46 2689 306 2729 adseientem
329 2690 401 2729 Bis
422 2693 571 2736 Aecus
596 2708 629 2735 c.
649 2699 716 2739 33.
741 2702 783 2733 et
805 2705 877 2735 res
873 2691 982 2750 ipsa
1005 2694 1158 2732 clamat
1172 2692 1357 2746 Diogenis
1377 2692 1515 2733 fuisse

47 2744 322 2798 discipulum.
354 2747 450 2790 Sor
457 2763 530 2791 AN

1092 2802 1235 2860 ng
