1741 3132
345 215 406 246 ln
445 213 758 247 omnm-‚os
795 214 1190 249 mona-vonum.
1398 202 1495 250 587¹

38 312 282 367 adpositum
317 321 407 352 erat
435 309 747 364 interpretandi
784 325 956 359 caussa,
999 313 1164 366 dejecit.
1214 313 1385 370 H'csych'.
1417 327 1497 366 ψυ-

40 371 251 424 χρολογία,
291 371 552 423 ψευδολογία.
620 364 902 421 Ψυχρολόγος,
944 371 1065 422 μηδὲν
1085 369 1280 424 χρήσιμον
1313 368 1498 426 (ἀγαθὸν

39 425 186 477 suid.)
215 427 364 479 λέγων·
395 425 512 464 PII-Oi.
536 423 587 462 de
618 425 873 473 Damasci0‚
908 424 983 467 οὐκ
1005 429 1060 474 εἰς
1089 425 1268 478 ἄμουσον
1295 433 1495 481 ψυχρολο-

35 484 126 536 γίαν
146 491 226 521 etc.
265 481 377 520 idem
410 481 578 533 saepius
605 478 715 533 apud
743 478 934 519 Calenum
970 485 1167 522 occurrit.
1230 484 1381 537 Neque
1403 499 1496 523 me·-

37 537 244 578 tuendum
269 548 354 586 est,
388 551 440 576 ne
457 551 534 588 pro
556 550 632 574 suo
659 550 744 574 non
765 548 969 590 agnoscat
1001 540 1225 580 Lucianus:
1271 541 1313 578 in
1347 541 1492 580 Somn-

36 608 81 647 Ρ.
104 598 168 637 16.
200 593 320 642 ἕωλος
353 591 428 648 γὰρ
456 590 482 645 ἡ
502 593 764 645 ψυχρολογία.
801 593 892 631 Ver.
917 594 1030 633 Hist.
1057 596 1115 635 II.
1138 601 1250 639 c.20.
1284 599 1496 651 κατεγίνω-

38 665 139 692 σκον
160 645 235 692 οὖν
260 655 339 691 τῶν
360 646 466 702 ἀμφὶ
487 647 557 689 τὸν
586 647 815 699 Ζηνόδοτον
835 651 904 691 καὶ
927 648 1180 706 Ἀρίσταρχον
1212 657 1497 708 γραμματικῶν

36 705 191 758 πολλὴν
214 705 288 760 τὴν
305 708 594 759 ψυχρολογίαν.
627 705 810 743 Hssms'r.

152 762 253 816 Pag.
275 767 371 806 206.
393 765 418 803 l.
433 766 473 805 6.
499 758 603 802 Ἐπὶ
620 765 669 816 τῇ
693 763 809 816 λίμνῃ
833 761 984 814 ἑστώς)
1014 764 1211 817 Respicit
1234 765 1411 804 omnino
1434 768 1496 803 lo·

37 831 135 859 cum
158 818 336 857 Homeri
359 817 440 860 Od.
463 822 515 858 A.
537 822 634 861 582.
666 817 925 858 Aristarchus
960 829 1098 860 tamen
1137 820 1242 860 haec
1276 831 1325 859 ut
1360 821 1495 860 notha

36 872 285 927 respuebat:
317 873 418 914 vide
436 873 573 918 Schol,
608 872 770 914 Pindar.
804 875 854 913 ad
879 875 1050 928 Olymp.
1081 876 1162 917 Od.
1187 878 1224 919 I.
1242 892 1283 917 v.
1308 882 1376 920 97.
1411 877 1498 917 So-

38 942 143 973 nam.
201 928 271 969 Ad
287 933 429 969 lacum
453 930 680 969 constituit
701 930 867 976 Noster,
901 946 1025 984 quem
1041 933 1239 973 Homerus
1262 934 1368 973 fecit

253 982 431 1028 ‘Eo‘wtiv'
454 988 497 1028 ἐν
519 989 660 1039 λίμνῃ,
690 983 716 1038 ἡ
743 986 784 1027 δὲ
801 989 1042 1042 προςέπλαζε
1064 992 1221 1044 γενείῳ·

36 1057 133 1085 oum
154 1043 243 1084 fere
265 1051 502 1096 sequuntur
526 1057 694 1091 omneS,
727 1052 769 1080 et
788 1044 901 1095 apud
937 1045 1156 1085 Ciceronem
1187 1050 1316 1099 poeta
1348 1047 1497 1101 Tragi-

36 1113 135 1148 ους,
170 1100 314 1139 'Mento
357 1115 548 1137 summam
573 1114 719 1152 aquam
751 1099 978 1152 adtingens,
1015 1113 1167 1141 enectus
1193 1105 1262 1141 siti
1288 1103 1493 1142 Tantalus.

35 1154 106 1195 Ne
127 1163 291 1205 autem,
324 1154 407 1193 sibi
431 1169 515 1194 rem
546 1169 636 1193 esse
668 1168 761 1193 cum
792 1155 968 1196 Homero
1000 1160 1115 1205 solo,
1157 1172 1243 1196 non
1278 1162 1387 1198 clare
1420 1159 1497 1199 de-

34 1220 267 1260 monstret,
301 1210 563 1250 imminentis
586 1210 703 1260 saxi,
738 1225 824 1264 quo
848 1226 1053 1265 suspenso
1075 1213 1127 1251 ad
1156 1227 1400 1268 poenasque
1433 1230 1497 1255 ce-

34 1276 147 1312 teras
184 1265 333 1306 addito
376 1267 633 1319 posteriores
683 1268 912 1306 Tantalum
950 1270 1332 1321 expavefecerunt‚
1383 1270 1497 1310 nihil

36 1323 216 1363 omnino
255 1322 472 1363 meminit:
525 1322 722 1375 alioquin
759 1332 926 1374 poterat
970 1323 1080 1362 hanc
1122 1340 1291 1365 scenam
1326 1341 1498 1367 ornasse

34 1388 320 1419 commentum
359 1378 481 1418 illud.
551 1378 649 1417 Vid.
695 1378 828 1420 Schol.
860 1379 1024 1420 Pindar.
1055 1380 1107 1418 ad
1136 1382 1307 1434 Olymp.
1343 1383 1394 1421 A.
1425 1387 1495 1425 97.

29 1432 264 1487 'En-mimag-
292 1435 478 1473 illustrat
508 1434 697 1474 Pricaeus
726 1433 776 1472 ad
811 1435 940 1488 Apul.
971 1436 1073 1475 Mil.
1099 1437 1197 1491 Lyp.
1221 1441 1290 1482 50.
1310 1439 1494 1481 Hnms‘r.

33 1491 195 1530 Eadem
213 1489 337 1531 verba
359 1493 563 1544 leguntur
594 1490 642 1528 in
664 1491 736 1529 De
766 1491 895 1532 Luct.
917 1506 952 1530 c.
977 1496 1018 1536 8.
1044 1491 1160 1532 unde
1188 1494 1384 1545 suspicor
1412 1494 1499 1534 huo

37 1546 197 1588 delata:
228 1546 417 1598 ineptam
439 1555 577 1585 autem
599 1545 769 1585 faciunt
784 1546 992 1601 Menippi
1023 1547 1406 1603 interrogationem
1427 1565 1500 1603 pa-

35 1603 140 1645 riter
159 1617 207 1642 ac
227 1603 354 1642 verba
373 1601 620 1656 ἐθεράπευον
641 1599 834 1655 ἀλλήλους
865 1617 992 1656 supra
1013 1604 1133 1644 Dial.
1156 1606 1237 1655 XI,
1262 1611 1300 1650 1.
1333 1607 1500 1661 Dioge-

34 1659 86 1698 ni
102 1659 262 1698 tributa
283 1657 463 1697 absurda
484 1672 573 1697 esse
596 1657 806 1710 adparuit.
838 1658 992 1712 Neque
1016 1674 1117 1699 vero
1151 1676 1267 1701 nunc
1297 1662 1497 1702 existimo

37 1717 186 1755 melius
205 1728 253 1754 ea
268 1713 492 1764 habitura,
523 1713 588 1764 si,
631 1723 682 1752 ut
719 1713 842 1764 olim,
881 1715 1057 1766 putavi,
1101 1731 1194 1755 cum
1219 1718 1498 1771 sequentibus

37 1771 213 1810 Tantali
232 1769 372 1809 verbis
392 1768 507 1808 hunc
537 1769 582 1807 in
608 1768 782 1807 modum
809 1770 1102 1823 conjunxeris:
1123 1771 1246 1821 ⁸011„
1280 1768 1314 1815 ὦ
1342 1775 1502 1816 Μένιπ-

40 1843 111 1875 πε,
153 1824 342 1868 ἀπόλωλα
371 1823 452 1867 ὑπὸ
479 1828 553 1866 τοῦ
581 1827 751 1877 δίψους,
790 1826 856 1868 ἐπὶ
883 1830 938 1881 τῇ
967 1829 1084 1883 λίμνῃ
1112 1826 1245 1877 ἑστώς.
1308 1829 1498 1869 Omnino

43 1882 191 1935 ejectis
232 1880 347 1920 nihil
381 1882 579 1935 profecto
611 1880 933 1922 desideraveris.
1005 1882 1135 1936 Quod
1163 1895 1303 1925 autem
1329 1886 1394 1927 ἐπὶ
1420 1900 1498 1939 pro

16 1961 19 1963 >
40 1937 281 1981 Homerico'
298 1938 341 1979 ἐν
366 1936 542 1984 dictum,
566 1935 617 1977 de
641 1951 691 1976 eo
716 1937 819 1976 alias
844 1936 896 1976 ad
914 1941 1056 1977 locum
1078 1939 1129 1980 de
1149 1942 1312 1980 Luctu.
1341 1942 1499 1981 me.

155 1994 258 2047 Pag.
279 1998 375 2037 207.
395 1996 476 2037 1.3.
504 1988 576 2033 Ἐν
597 1995 732 2049 Λυδίᾳ
752 1995 855 2044 που)
885 1994 937 2032 In
959 1994 1111 2047 Sipylo
1136 1999 1348 2050 sepultus;
1384 1995 1499 2051 quod

40 2053 132 2105 ejus
154 2059 475 2089 monumentum
494 2050 595 2096 θέας
608 2048 729 2098 ἄξιον
748 2048 860 2087 vidit
887 2049 1063 2090 Pausan.
1088 2052 1148 2092 II.
1172 2067 1213 2105 p.
1243 2058 1335 2097 161.
1367 2053 1502 2106 Sipy-

41 2109 110 2156 lus
131 2116 272 2146 autem
295 2115 337 2145 et
356 2104 527 2157 Lydiae
552 2114 594 2144 et
619 2104 833 2158 Phrygiae
866 2106 1181 2148 contribuitur:
1212 2109 1386 2164 Hesyclz.
1420 2112 1504 2150 Σί··

43 2167 195 2212 πυλον,
227 2161 325 2216 ὅρος
343 2163 500 2209 Λυδίας
518 2162 586 2202 καὶ
610 2163 801 2216 Φρυγίας.
861 2162 1021 2202 Eversa
1054 2173 1190 2203 terrae
1225 2175 1345 2204 motu
1377 2165 1502 2218 Sipy-

43 2221 112 2259 lus
128 2217 298 2258 fabulae
317 2216 509 2271 fingendi
527 2217 746 2257 licentiam
770 2216 908 2257 dedit:
940 2216 1040 2257 vide
1072 2219 1256 2260 Strabon.
1282 2220 1383 2260 XII.
1403 2235 1500 2276 pag.

43 2279 142 2320 868.
180 2273 229 2313 C.
260 2273 330 2311 Ex
354 2271 691 2325 Tragodumenis
707 2273 978 2327 Asclepiadae
998 2284 1097 2312 sunt
1128 2275 1364 2329 depromta,
1394 2291 1502 2331 quae

45 2330 218 2383 scripsit
257 2326 393 2369 schol.
431 2328 596 2369 Homer.
630 2328 683 2368 ad
711 2328 794 2369 Od.
825 2335 879 2371 A.
912 2333 1009 2374 581.
1048 2331 1199 2372 Jovem
1229 2334 1407 2387 ἐκβαλεῖν
1433 2331 1505 2375 τὸν

53 2384 262 2428 Τάνταλον
283 2388 355 2437 τῆς
372 2386 413 2426 ἐν
440 2382 604 2442 οὐρανῷ
627 2387 803 2438 διαίτης,
833 2387 902 2428 καὶ
919 2388 1129 2440 ἐξαρτῆσαι
1155 2386 1221 2430 ἐπ’
1253 2387 1376 2443 ὄρους
1394 2386 1503 2443 ’ὕψη-

47 2446 124 2486 λοῧ
142 2442 398 2495 ἔκδεδεμὲνον
419 2445 499 2482 τῶν
514 2445 679 2496 χειρῶν,
706 2443 777 2483 καὶ
794 2439 867 2494 τὴν
890 2444 1092 2491 Σίπυλον,
1123 2445 1226 2486 ἔνθα
1242 2443 1502 2499 ἐκεκήδευτο,

48 2495 284 2552 ἀνατρέψαι.
344 2497 517 2547 Plures,
557 2511 689 2550 qum,
733 2498 772 2536 si
819 2498 947 2549 libet,
990 2497 1041 2538 de
1082 2501 1254 2540 Tantali
1294 2502 1502 2541 miraculo

50 2557 270 2606 consulas,
303 2551 598 2608 suppeditabit
629 2553 682 2593 ad
700 2553 852 2609 Hygia.
883 2555 928 2597 F.
949 2554 1179 2599 LXXXII.
1210 2557 1283 2598 Th.
1316 2557 1501 2600 Munker.

51 2611 235 2650 Hmvts‘r.

164 2664 267 2706 Ead.
286 2668 316 2707 1.
338 2671 379 2712 8.
411 2667 559 2714 Λέδιας
575 2663 630 2719 μὴ
654 2666 786 2722 ἐνδείᾳ
804 2670 881 2708 τοῦ
898 2671 1027 2708 ποτοῦ
1046 2662 1118 2720 ἆ.)
1147 2669 1301 2724 Longe
1332 2669 1502 2723 quidem

52 2721 103 2770 ab
124 2720 206 2760 hac
228 2721 435 2775 opinandi
456 2722 623 2761 insania
654 2723 863 2762 Tantalus
885 2722 1023 2772 abest,
1055 2723 1093 2764 si
1113 2725 1239 2765 Dioni.
1262 2726 1396 2781 Clu-ys.
1419 2739 1504 2765 crev
