1741 3132
1457 141 1474 176 s

346 224 402 256 lx
439 221 757 255 umnooos
792 225 1198 258 mouruonum.
1406 213 1508 261 557

48 320 313 379 πλεκόμενος,
344 321 459 377 quod
479 337 553 376 per
575 336 620 363 se
639 323 742 362 satis
764 337 970 379 superque
990 324 1330 365 emendationem
1353 325 1506 364 confir-

49 381 196 430 marit,
229 380 301 419 sed
324 374 552 419 Nledorum
570 379 731 418 mentio
754 382 858 418 luxu
888 380 1166 431 perditorum,
1197 382 1407 433 Dariique
1432 382 1508 420 im-

48 438 260 491 peratoris
289 436 488 490 ignaviae
514 435 795 475 insimulatio.
856 436 1083 476 Videndns
1107 437 1507 492 deniquePlutat-clzi

49 497 169 532 locus
190 493 236 531 in
261 493 383 532 Alex.
406 506 446 543 p.
471 496 568 535 488.
599 492 767 530 SonAN.
824 490 1189 544 Ἀντεξεῑαζόμενος
1215 496 1370 533 mutari
1391 504 1509 533 vetat

47 549 255 589 Lucicmus
274 547 388 587 verbi
411 547 537 601 hujus
563 562 644 586 usu
665 548 853 601 gaudens
876 549 1012 588 Dian.
1036 550 1191 588 Mortt.
1222 550 1386 591 XXIX.
1413 550 1447 602 δ.
1466 557 1505 593 1.

56 605 107 645 de
128 606 263 644 Mero.
288 602 423 644 Cond.
447 618 481 643 o.
506 608 570 647 24.
592 607 791 657 majorem
815 609 1102 658 exemplorum
1129 607 1297 657 copiam
1325 607 1509 659 praebe-

52 661 118 700 bit
155 660 308 700 Index.
367 661 539 699 Poterat
558 673 677 709 sane,
712 660 749 698 si
779 660 1001 709 libuisset,
1036 660 1238 700 adhibere
1258 658 1510 715 ἄντιταξάμε-

51 733 144 767 νος,
175 727 224 755 ut
255 717 445 770 περὶτῶν
475 719 682 770 πρωτείων
714 714 812 769 ἡμῖν
841 715 1128 766 ἀντιτάξασθαι
1155 717 1268 771 apud
1305 719 1507 759 Demos-rh.

50 787 95 827 p.
121 778 190 818 38.
227 774 276 811 Ε.
318 771 391 810 sed
423 774 601 810 alterum
634 786 720 811 non
750 773 891 811 minus
921 773 1286 812 adcommodatum
1315 785 1402 825 est,
1448 776 1513 813 di·

53 843 267 883 gnumque
289 828 339 866 ab
361 827 625 882 elegantibus
646 828 748 866 viris
778 828 976 881 probari:
1008 832 1121 868 valet
1151 830 1289 878 enim,
1321 841 1513 885 tanquam

48 901 184 939 parem
206 886 407 938 componi,
439 895 474 922 et
498 899 584 923 cum
601 883 682 923 alio
702 885 912 937 congredi‚·
943 899 1070 938 quare
1098 884 1150 924 de
1180 885 1354 939 judiciis
1384 888 1511 926 etiam

51 951 292 994 usurpatur.
324 939 509 993 Alciplzr.
529 940 613 979 111.
636 941 718 991 Ep.
745 944 814 984 54.
848 942 1067 994 ῥωμαλέοις
1087 942 1408 991 συνεξετάζεσθαι
1423 960 1515 984 νεα-

50 999 178 1046 νίαις,
221 1013 307 1037 cum
350 996 519 1035 robustis
543 996 754 1051 juvenibus
786 997 1012 1036 contendere
1039 1009 1075 1036 et
1106 1014 1266 1037 manum
1301 1016 1511 1040 conserere.

52 1053 216 1092 Similis
242 1061 452 1105 potestas,
487 1052 678 1106 quamvis
709 1053 759 1091 ab
790 1053 948 1092 Atticis
980 1053 1247 1104 fastidiatur,
1280 1055 1325 1093 in
1355 1059 1513 1111 συγκρί-

53 1115 224 1152 νεσθαι*
255 1111 533 1162 συγκριθοῖμεν
559 1110 739 1158 ἑαυτοῖς,
779 1111 899 1148 armis
925 1112 1024 1148 inter
1059 1125 1130 1149 nos
1158 1114 1431 1164 experiamur.-
1472 1113 1512 1153 I.

53 1164 314 1213 Maccab,X,
326 1168 394 1207 71.
426 1164 682 1205 HumuII.
714 1166 849 1204 Recte
868 1165 971 1204 etad
991 1166 1190 1204 amussim
1202 1167 1514 1218 puriorisAtti-

55 1221 177 1260 cismi
210 1217 573 1273 ἀντεξεταζόμενος
604 1220 693 1260 vid.
722 1221 931 1276 Plzrynich.
961 1236 1000 1274 p.
1018 1226 1086 1266 58.
1112 1233 1155 1261 et
1177 1222 1229 1260 ad
1259 1237 1352 1262 eum
1374 1220 1512 1264 Notas

54 1278 156 1316 Dav.
186 1275 433 1316 Hocsckelii:
464 1276 526 1315 sic
548 1276 676 1315 etiam
696 1277 870 1317 Pansam.
893 1277 938 1315 in
963 1279 1053 1317 Att.
1078 1282 1249 1334 Θρᾳκῶν
1262 1279 1304 1322 δὲ
1322 1285 1403 1322 τοῖν
1414 1278 1513 1322 πάν-

53 1350 133 1375 των
158 1331 317 1381 οὐδένες
339 1334 502 1380 πλείους
524 1334 600 1374 εἰσί
619 1337 700 1374 τοῖν
720 1330 970 1384 ἀνθρώπων,
1001 1332 1061 1376 ὅτι
1085 1333 1136 1388 μὴ
1162 1337 1305 1376 Κελτοὶ
1324 1337 1427 1390 πρὸς
1445 1336 1514 1379 ἅλ-

54 1394 101 1431 ito
114 1392 160 1432 ἓν
182 1391 304 1438 ἔθνος
323 1384 851 1437 ἅντεξετάζοντα·Νοειει-ἆε
873 1390 1172 1430 1Ὴοῐο.·(]οῐιᾶ.
1198 1404 1233 1431 c,
1248 1395 1316 1434 24.
1354 1394 1514 1434 Heliocl.

53 1445 128 1486 lib.
155 1446 252 1487 VII.
274 1459 368 1499 pag.
389 1450 486 1488 326.
519 1445 703 1499 aliique:
733 1445 1018 1498 posteriorum
1044 1446 1172 1500 pauci
1194 1446 1304 1486 hanc
1327 1453 1516 1503 regulam

12 1507 15 1519 ¹
55 1501 297 1542 observant.
329 1501 511 1543 Hssmsr.
535 1501 572 1540 I.

168 1579 270 1620 Ead.
312 1583 341 1622 l.
370 1584 437 1624 14.
481 1578 661 1633 Μήδους
687 1582 755 1624 καὶ
781 1577 1045 1637 Ἀρμενίους)
1085 1583 1292 1638 Quamvis
1325 1583 1518 1627 Armenii

57 1647 196 1677 essent
215 1637 260 1675 in
281 1637 474 1676 exercitu
493 1637 646 1688 Darii,
681 1647 866 1677 attamen
890 1639 959 1677 hic
988 1654 1075 1678 non
1103 1640 1320 1680 illibenter
1342 1642 1516 1694 legerim

49 1689 301 1745 Ἀσσυρίους,
332 1692 406 1746 qui
429 1707 452 1730 a
475 1694 740 1746 temporibus
764 1694 1041 1748 Sardanapali
1061 1699 1167 1733 luxu
1191 1706 1232 1735 et
1254 1696 1425 1749 ignavia
1449 1698 1519 1736 in-

57 1749 189 1787 fames
212 1757 355 1795 erant;
388 1761 476 1787 non
507 1750 723 1798 Armenii,
759 1749 834 1802 qui
863 1760 945 1788 tarn
979 1750 1143 1789 beatam
1173 1752 1391 1805 regionem
1425 1767 1514 1792 non

58 1803 325 1855 incolebant,
358 1803 549 1857 adeoque
568 1814 689 1843 erant
716 1805 908 1845 duriores
929 1815 969 1856 et
995 1807 1210 1847 fortiores.
1255 1807 1394 1847 szn.
1454 1811 1515 1849 Et

57 1860 204 1899 Noster
232 1860 459 1899 Armenios
489 1861 734 1899 fortissimis
767 1861 1042 1915 antiquitatis
1070 1862 1241 1915 populis
1273 1863 1521 1905 adnumerat

58 1916 104 1954 in
125 1916 281 1970 Navig.
317 1931 350 1955 c.
371 1922 439 1960 33.
471 1916 538 1955 Cf.
568 1916 797 1959 Alexandr.
833 1932 869 1957 o.
890 1923 956 1961 27.
998 1917 1297 1957 Nihilominus
1327 1918 1519 1961 dubitem

2 1973 7 1975 ’
58 1971 294 2025 quidquam
324 1982 500 2012 mutare.
582 1972 767 2013 Videtur
810 1973 1029 2013 Hannibal
1073 1975 1251 2014 omnino
1289 1976 1517 2016 orientales

58 2031 244 2080 populos
280 2042 373 2066 cum
404 2027 741 2068 occidentalibus
779 2043 1045 2083 comparare,
1079 2041 1125 2070 et
1140 2030 1320 2069 duorum
1343 2033 1519 2071 nomina

58 2087 155 2122 loco
181 2084 368 2123 omnium
389 2098 642 2138 proponere.
704 2085 902 2125 Ceterum
920 2086 1036 2127 Dial.
1061 2087 1248 2136 XXVII,
1270 2093 1310 2130 2.
1333 2087 1515 2128 Oroetes

61 2139 230 2189 quidam
251 2140 408 2178 dicitur
426 2142 653 2191 Armenius,
687 2151 728 2181 et
750 2142 933 2180 inferius
957 2146 997 2191 9.
1018 2145 1056 2187 5.
1080 2142 1192 2181 idem
1212 2143 1413 2183 mollibus
1426 2145 1515 2184 Me-

61 2194 122 2233 dis
147 2198 468 2243 adnumeratur3
501 2196 576 2234 ubi
596 2197 652 2238 cf.
673 2197 827 2239 Hemst.
850 2197 1008 2239 Adnot.
1042 2198 1201 2238 LmrM.

172 2272 271 2326 Pag.
289 2278 381 2318 183.
395 2276 423 2315 1.
442 2280 482 2319 3.
519 2272 595 2316 Τόν
612 2272 803 2330 ὄλεθρον)
834 2276 948 2315 Cave
968 2287 1106 2316 vertas
1125 2281 1304 2317 miserum
1323 2279 1488 2319 Darium
1501 2297 1518 2321 ε

60 2326 228 2381 ὄλεθρος
241 2339 301 2367 est
313 2332 438 2369 exitio
465 2330 617 2383 dignus.
650 2332 747 2370 Hoc
770 2341 908 2370 autem
926 2334 1125 2372 convicio
1149 2334 1389 2386 proscindit
1401 2336 1521 2374 Han-

59 2385 176 2423 nibal
196 2385 392 2435 Darium,
426 2386 541 2440 quod
561 2390 678 2426 nulla
698 2387 972 2440 fortitudine,
1004 2390 1133 2428 nullis
1155 2390 1444 2444 imperatoriis
1455 2406 1518 2431 ar-

60 2441 174 2480 tibus
197 2451 306 2480 esset
332 2452 516 2480 ornatuS.
552 2441 689 2484 szn.

173 2507 273 2546 Ead.
296 2512 324 2548 1.
348 2513 388 2552 4.
429 2506 625 2558 Ἀποστᾶς
651 2514 731 2553 τῶν
760 2509 992 2567 πατρῴων)
1032 2511 1223 2552 Subaudi
1253 2515 1456 2567 ἐθισμῶν,
1487 2533 1515 2555 a

59 2567 199 2615 patriis
228 2566 415 2603 instilnlis
448 2565 683 2617 desciscens,
716 2580 802 2605 non
820 2599 831 2615 ‚
864 2584 889 2605 a
915 2579 1080 2620 paterna
1108 2572 1247 2609 vir-tute
1265 2602 1277 2622 ‚
1318 2581 1367 2609 ut
1390 2571 1519 2612 habet

61 2621 279 2669 interpres.
339 2620 565 2673 Objectum
589 2632 651 2662 est
673 2623 942 2674 potissimum
962 2624 1230 2674 Alexandro,
1265 2626 1379 2679 quod
1409 2629 1519 2667 reli-

63 2674 143 2712 ctis
162 2674 347 2714 moribus
367 2674 660 2716 Macedonicis
681 2678 873 2718 Persicos
899 2678 1108 2721 indueret.
1149 2680 1252 2724 Vid.
1275 2683 1393 2726 Dial.
1415 2683 1516 2722 Phi-

61 2730 172 2783 lippi
195 2739 238 2769 et
260 2730 507 2774 Alexandri.
548 2731 687 2780 Gna,
