1741 3085
231 177 331 228 653
587 193 1337 231 ADNoerrtouEs

235 289 414 347 finxit),
446 302 582 345 neque
600 289 810 344 βιάζεσθαι
827 292 872 331 vi
900 293 1073 334 Passiva
1098 294 1303 346 occurrit,
1335 308 1425 337 uno
1449 297 1562 338 forte
1589 298 1689 340 loeo

237 359 418 401 excepto
439 347 488 386 de
510 349 633 387 Luct.
654 362 688 390 c.
719 353 776 391 11.
813 344 890 387 ubi
908 358 1048 397 tamen
1069 348 1121 389 de
1139 351 1335 390 lectionis
1357 351 1593 406 βιαζόμενον
1612 369 1692 394 ve.-
1740 400 1741 403 Ἰ

238 406 366 447 ritate
385 403 521 442 adhuc
541 403 735 445 dubitare
751 405 874 447 licet:
908 417 1055 446 contra
1085 406 1236 446 Medio
1255 407 1382 462 hujus
1407 411 1525 449 verbi
1545 425 1625 450 usu
1643 425 1692 452 ae

239 462 284 502 vi
307 461 417 499 nihil
438 459 548 513 apud
568 462 755 501 Nostrum
774 462 1039 516 frequentius
1056 463 1302 517 reperietur.
1349 464 1525 506 Accedit
1546 467 1690 518 etiam,

241 516 357 570 quod
378 516 454 557 h.l.
482 517 765 571 ingratissima
787 519 902 558 fuere
921 519 1106 571 ejusdem
1125 521 1292 575 generis
1315 521 1548 575 Participia
1571 521 1691 562 dein.

240 587 338 624 ceps
367 572 512 614 eodem
551 588 650 613 casu
683 586 724 616 et
759 574 901 619 eadem
938 576 1102 618 ratione
1129 589 1355 631 usurpata,
1395 576 1691 633 ἀναγκασθεὶς,

240 626 290 670 οὔ
335 626 561 680 δυνάμενος
596 629 831 685 ἀντιλέγειν,
881 629 1135 687 βιαζόμενος,
1173 637 1366 684 πεισθείς.
1424 634 1551 675 Unde
1579 645 1694 678 recte

237 684 345 723 mihi
385 684 609 725 videbatur
646 689 848 728 Matthiae
885 702 907 728 e
940 687 1036 729 cod.
1074 694 1198 737 2956.
1239 690 1423 731 edidisse
1448 693 1693 746 βιαζομένῳ,

234 740 389 783 Media
414 741 753 796 significatione,
786 755 829 785 et
845 744 1055 802 structura
1070 747 1232 802 gratius
1251 748 1455 790 variant&
1488 748 1647 788 anvr.

352 826 455 869 Ead.
475 830 503 871 l.
524 831 564 872 5.
594 823 707 872 Ἐπεὶ
725 826 821 873 οὐδὲ
836 828 880 873 τό
908 833 1024 884 ξίφος
1053 829 1174 877 αὐτὰ)
1214 831 1382 884 Lepide
1407 832 1550 873 Noster
1577 830 1695 871 vide-

236 891 310 923 tur
327 882 396 921 his
416 890 647 933 σκωπτικῶς
670 896 841 942 tangere
858 888 985 927 ritum
1015 887 1346 935 Atheniensium
1373 888 1419 927 in
1452 889 1564 928 festo
1591 893 1697 930 Bov-

237 940 426 990 φονίοις·
458 955 551 979 cum
572 955 722 994 nempe
745 944 806 994 is,
838 946 958 997 cujus
976 959 1104 983 manu
1124 958 1174 984 eo
1195 943 1239 982 in
1271 944 1381 983 festo
1411 957 1556 984 caesus
1584 953 1696 984 esset

235 994 337 1046 bos,
367 997 561 1051 fugeret;
605 998 765 1039 securis
793 1009 954 1052 autem,
985 1014 1067 1055 qua
1096 999 1242 1040 caedes
1261 1000 1376 1038 facta
1397 1010 1526 1050 esset,
1572 999 1697 1052 quasi

233 1066 305 1091 rea
343 1053 390 1090 in
418 1052 627 1105 judicium
658 1054 897 1096 traheretur
932 1067 1057 1109 atque
1096 1056 1377 1098 damnaretur.
1448 1056 1552 1095 Rem
1584 1054 1697 1096 hanc

234 1119 471 1203 eustratlsm
494 1110 609 1209 2³de
632 1112 852 1154 Mem-sium
870 1123 914 1153 et.
933 1112 1200 1162 Castellanum
1216 1111 1267 1154 de
1285 1113 1407 1153 festis
1438 1112 1699 1152 Graecorum

233 1177 280 1205 Vl
313 1178 381 1205 ere
416 1175 512 1205 leet.
570 1182 666 1211 mis.

346 1249 451 1290 Ead.
471 1253 498 1291 l.
519 1256 556 1296 6.
593 1252 754 1306 Ξίφος)
785 1253 837 1295 V.
863 1254 968 1294 Jcns.
994 1264 1037 1294 et
1054 1255 1161 1294 Pon.
1181 1260 1275 1299 102.
1295 1263 1338 1294 et
1359 1258 1453 1298 166.
1486 1252 1656 1292 Soram.

348 1334 450 1373 Ead-
476 1338 504 1375 l·
531 1341 573 1379 7.
603 1343 681 1380 Δεῖ
697 1331 773 1380 οὖν
788 1335 834 1378 τό
853 1342 935 1379 πᾶν
956 1335 1198 1390 ἀναθεῖναι)
1237 1337 1352 1377 Haec
1379 1335 1505 1376 verba
1528 1336 1572 1373 in
1604 1336 1696 1377 solo

232 1390 281 1430 P.
303 1390 610 1440 inveniuntur3
645 1403 688 1432 et
705 1408 806 1433 mox
829 1398 884 1437 τῶ
898 1392 1046 1449 πρώτῳ
1067 1408 1145 1449 pro
1172 1397 1229 1451 τῷ
1246 1392 1435 1450 πρώτως,
1469 1390 1586 1447 quod
1603 1391 1702 1431 for-

854 1437 865 1451 A

234 1458 311 1485 san
331 1447 459 1484 etiam
479 1448 652 1486 rectius.
685 1449 854 1490 Sonam.

350 1528 457 1570 Ibid.
496 1533 562 1586 Τῷ
580 1527 747 1582 πρώτως
765 1528 1012 1583 παρασχόντι
1028 1530 1103 1583 τὴν
1130 1535 1289 1582 αἰτίαν)
1327 1532 1457 1571 Tanti
1482 1545 1568 1570 nou
1599 1540 1703 1570 sunt

233 1584 352 1639 apud
369 1601 435 1625 me
453 1587 561 1627 Exc.
596 1585 703 1625 Cod.
731 1586 885 1639 Regin.
917 1584 1032 1635 Poli,
1072 1596 1121 1624 ut
1148 1601 1293 1627 eorum
1321 1586 1578 1626 auctoritate
1609 1589 1702 1625 sola

233 1642 429 1681 munitus
460 1655 613 1696 augere
638 1642 865 1681 Lucianum
894 1641 1148 1692 sustineam3
1179 1643 1427 1695 praesertim
1449 1643 1485 1680 si
1505 1641 1700 1694 suspicio

234 1711 325 1736 non
348 1698 458 1737 levis
477 1697 616 1737 subsit
633 1700 740 1736 male
763 1696 870 1736 fidae
889 1710 1037 1735 manus
1059 1707 1102 1736 et
1123 1697 1303 1736 nimium
1325 1697 1375 1737 de
1392 1712 1470 1736 suo
1491 1695 1701 1737 liberalis.

235 1754 347 1792 Sane
374 1755 487 1804 istis,
519 1767 626 1807 quae
657 1754 869 1808 suggerit,
915 1751 1083 1791 omissis
1119 1753 1334 1802 sententia
1359 1752 1445 1792 loci
1473 1753 1573 1791 satis
1603 1762 1703 1806 apte

235 1810 457 1863 procedit;
506 1810 672 1848 tametsi
709 1824 796 1848 non
834 1809 999 1847 invitus
1040 1810 1218 1863 largiar,
1270 1809 1510 1848 orationem
1538 1807 1702 1847 ambitu

238 1869 388 1918 paullo
406 1866 561 1905 latiore
580 1866 772 1918 potuisse
791 1865 959 1918 plenius
978 1864 1207 1917 explicari:
1242 1864 1315 1903 sed
1341 1863 1447 1903 haec
1467 1878 1562 1904 eum
1586 1867 1703 1904 colo-

237 1935 328 1960 rem
348 1936 437 1961 non
459 1920 632 1971 habent,
666 1921 741 1975 qui
760 1921 974 1961 Luciam-is
992 1919 1209 1960 commode
1226 1920 1495 1973 respondeat.
1557 1920 1704 1959 Locu-

237 1976 402 2017 tionem
428 1980 562 2032 ipsam
595 1980 740 2030 paullo
768 1977 890 2016 aliter
929 1977 1151 2029 usurpavit
1181 1977 1362 2017 Maxim.
1389 1977 1484 2031 Tyr.
1515 1976 1700 2016 Dissert-

237 2031 447 2073 XXXIX.
481 2033 708 2087 Σωκράτην
726 2033 768 2076 δὲ
788 2032 859 2076 τὸν
879 2033 977 2087 μηδὲ
997 2037 1053 2088 τῷ
1075 2028 1306 2076 Ἀπόλλωνι
1322 2029 1580 2088 παρασχόντα
1604 2029 1705 2087 ἅμα·

236 2091 335 2139 mag
354 2093 497 2133 αἰτίαν.
528 2090 711 2133 ΗΕΜεΤ.

351 2173 456 2214 nid.
491 2171 750 2229 Παρασχόντι
773 2172 848 2228 τὴν
872 2174 1032 2225 αἰτίαν)
1063 2173 1126 2213 Ut
1144 2170 1230 2227 Qu.
1257 2172 1371 2212 Hist.
1400 2171 1576 2218 Conscr.
1608 2187 1642 2216 c.
1662 2177 1702 2218 1.

236 2239 282 2270 et
300 2231 494 2284 Tyrann.
515 2246 549 2271 c.
572 2236 637 2274 11.
663 2236 730 2276 13.
768 2232 1079 2287 Argumentum
1105 2228 1190 2269 hoc
1217 2228 1349 2269 latius
1374 2228 1627 2283 exsequitur
1653 2229 1703 2269 in
1737 2264 1741 2269 .

236 2285 335 2328 Jov.
356 2286 486 2336 Conf.
516 2288 688 2330 SOLAN·
820 2302 826 2305 ·

350 2371 453 2410 Eoed.
476 2375 503 2413 l.
527 2377 568 2417 8.
600 2369 916 2427 Ἐπιδαψιλεῦῃ)
945 2370 1110 2426 Ῑηὶενρν.
1151 2369 1258 2411 Bene
1286 2381 1363 2420 est,
1394 2369 1555 2420 Minos,
1593 2368 1704 2425 quod

239 2425 338 2466 haec
374 2430 490 2466 eiiam
519 2429 725 2483 exemplo,
767 2432 884 2484 quasi
909 2428 1083 2484 quodam
1110 2428 1289 2466 auctario
1320 2425 1550 2480 locupletas.
1611 2424 1702 2479 Qui

240 2483 539 2535 praecedentia
577 2486 708 2540 legit,
756 2485 944 2536 videbit,
992 2485 1269 2535 Sostratum,
1300 2483 1381 2536 qui,
1410 2481 1700 2537 quaestionem

241 2549 544 2590 proposuerat,
576 2550 741 2594 utrum,
776 2542 814 2580 si
834 2541 928 2595 quis
947 2540 999 2580 ab
1018 2540 1102 2580 alio
1130 2547 1303 2578 coactus
1327 2537 1513 2590 aliquem
1531 2535 1700 2577 occide-

244 2592 325 2639 rit,
358 2608 453 2633 reus
481 2594 700 2635 habendus
730 2597 789 2637 sit
816 2596 978 2647 caedis,
1010 2611 1064 2636 an
1083 2595 1141 2645 is,
1175 2609 1197 2633 a
1228 2607 1313 2648 quo
1342 2601 1514 2632 coactus
1540 2591 1695 2642 fuerit,

247 2647 461 2690 addidisse
488 2655 725 2706 exemplum
760 2653 864 2694 hoc:
905 2653 1014 2695 Cum
1040 2651 1236 2693 carnifex
1261 2652 1381 2704 jussu
1409 2647 1565 2702 judicis
1579 2679 1601 2702 a.
1623 2657 1700 2700 aut

1739 422 1741 443 1

1740 449 1741 468 1

1740 477 1741 494 1
