<?xml version="1.0" encoding="UTF-8"?>
<!DOCTYPE html PUBLIC "-//W3C//DTD XHTML 1.0 Transitional//EN"
    "http://www.w3.org/TR/xhtml1/DTD/xhtml1-transitional.dtd">
<html xmlns="http://www.w3.org/1999/xhtml" xml:lang="en" lang="en">
 <head>
  <title>
</title>
<meta http-equiv="Content-Type" content="text/html;charset=utf-8" />
  <meta name='ocr-system' content='tesseract 3.04.00' />
  <meta name='ocr-capabilities' content='ocr_page ocr_carea ocr_par ocr_line ocrx_word'/>
</head>
<body>
  <div class='ocr_page' id='page_1' title='image "./operagraecaetlat02luciuoft_0649.png"; bbox 0 0 1741 3132; ppageno 0'>
   <div class='ocr_carea' id='block_1_1' title="bbox 356 212 1520 262">
    <p class='ocr_par' dir='ltr' id='par_1_1' title="bbox 356 212 1520 262">
     <span class='ocr_line' id='line_1_1' title="bbox 356 212 1520 262; baseline -0.012 0"><span class='ocrx_word' id='word_1_1' title='bbox 356 232 413 262; x_wconf 79' lang='lat' dir='ltr'><strong>1N</strong></span> <span class='ocrx_word' id='word_1_2' title='bbox 449 226 765 259; x_wconf 73' lang='lat' dir='ltr'><strong>DrALooos</strong></span> <span class='ocrx_word' id='word_1_3' title='bbox 802 223 1208 254; x_wconf 60' lang='lat' dir='ltr'><strong>mon&#39;rconmf.</strong></span> <span class='ocrx_word' id='word_1_4' title='bbox 1421 212 1520 256; x_wconf 78' lang='grc'><strong>637</strong></span> 
     </span>
    </p>
   </div>
   <div class='ocr_carea' id='block_1_2' title="bbox 15 319 1541 2808">
    <p class='ocr_par' dir='ltr' id='par_1_2' title="bbox 56 319 1531 1123">
     <span class='ocr_line' id='line_1_2' title="bbox 66 319 1525 387; baseline -0.014 -8"><span class='ocrx_word' id='word_1_5' title='bbox 66 353 117 379; x_wconf 86' lang='grc' dir='ltr'><strong>νυ</strong></span> <span class='ocrx_word' id='word_1_6' title='bbox 138 328 352 387; x_wconf 74' lang='grc' dir='ltr'><strong><em>δημοτικόν</em></strong></span> <span class='ocrx_word' id='word_1_7' title='bbox 378 327 423 372; x_wconf 84' lang='grc' dir='ltr'><strong><em>τό</em></strong></span> <span class='ocrx_word' id='word_1_8' title='bbox 444 331 625 383; x_wconf 78' lang='grc' dir='ltr'><em>πρᾶγμα,</em></span> <span class='ocrx_word' id='word_1_9' title='bbox 655 325 721 366; x_wconf 79' lang='grc' dir='ltr'><strong>καὶ</strong></span> <span class='ocrx_word' id='word_1_10' title='bbox 745 320 861 365; x_wconf 74' lang='grc' dir='ltr'>οὐδὲν</span> <span class='ocrx_word' id='word_1_11' title='bbox 887 323 964 376; x_wconf 73' lang='grc' dir='ltr'><strong><em>ἔχει</em></strong></span> <span class='ocrx_word' id='word_1_12' title='bbox 986 330 1068 361; x_wconf 82' lang='lat' dir='ltr'><strong>etc,</strong></span> <span class='ocrx_word' id='word_1_13' title='bbox 1101 321 1176 360; x_wconf 82' lang='lat' dir='ltr'><strong>vix</strong></span> <span class='ocrx_word' id='word_1_14' title='bbox 1207 320 1320 361; x_wconf 87' lang='lat' dir='ltr'><strong>enim</strong></span> <span class='ocrx_word' id='word_1_15' title='bbox 1350 319 1525 372; x_wconf 72' lang='lat' dir='ltr'><strong>dubito,</strong></span> 
     </span>
     <span class='ocr_line' id='line_1_3' title="bbox 67 378 1524 445; baseline -0.011 -15"><span class='ocrx_word' id='word_1_16' title='bbox 67 393 173 445; x_wconf 84' lang='lat' dir='ltr'><strong>quin</strong></span> <span class='ocrx_word' id='word_1_17' title='bbox 196 390 434 440; x_wconf 77' lang='lat' dir='ltr'>corruptela</span> <span class='ocrx_word' id='word_1_18' title='bbox 457 383 661 439; x_wconf 82' lang='lat' dir='ltr'><strong>quaedam</strong></span> <span class='ocrx_word' id='word_1_19' title='bbox 687 380 854 419; x_wconf 85' lang='lat' dir='ltr'>facilem</span> <span class='ocrx_word' id='word_1_20' title='bbox 879 378 968 417; x_wconf 81' lang='lat' dir='ltr'><strong>stili</strong></span> <span class='ocrx_word' id='word_1_21' title='bbox 987 378 1182 417; x_wconf 69' lang='lat' dir='ltr'><strong>Lucianei</strong></span> <span class='ocrx_word' id='word_1_22' title='bbox 1204 392 1369 416; x_wconf 87' lang='lat' dir='ltr'><strong>cursum</strong></span> <span class='ocrx_word' id='word_1_23' title='bbox 1389 379 1524 428; x_wconf 84' lang='lat' dir='ltr'><strong>impe-</strong></span> 
     </span>
     <span class='ocr_line' id='line_1_4' title="bbox 65 430 1525 500; baseline -0.013 -13"><span class='ocrx_word' id='word_1_24' title='bbox 65 447 244 489; x_wconf 81' lang='lat' dir='ltr'><strong>diverit:</strong></span> <span class='ocrx_word' id='word_1_25' title='bbox 274 459 395 500; x_wconf 86' lang='lat' dir='ltr'><strong>quam</strong></span> <span class='ocrx_word' id='word_1_26' title='bbox 420 441 647 480; x_wconf 71' lang='lat' dir='ltr'><strong>utilitatem</strong></span> <span class='ocrx_word' id='word_1_27' title='bbox 680 436 866 476; x_wconf 78' lang='lat' dir='ltr'><strong>habeant</strong></span> <span class='ocrx_word' id='word_1_28' title='bbox 886 436 930 472; x_wconf 88' lang='lat' dir='ltr'><strong>in</strong></span> <span class='ocrx_word' id='word_1_29' title='bbox 954 434 1034 472; x_wconf 79' lang='lat' dir='ltr'><strong>hac</strong></span> <span class='ocrx_word' id='word_1_30' title='bbox 1054 433 1368 486; x_wconf 84' lang='lat' dir='ltr'><strong>disputatione,</strong></span> <span class='ocrx_word' id='word_1_31' title='bbox 1401 430 1525 475; x_wconf 72' lang='grc' dir='ltr'>ούὸὲν</span> 
     </span>
     <span class='ocr_line' id='line_1_5' title="bbox 62 491 1526 556; baseline -0.014 -9"><span class='ocrx_word' id='word_1_32' title='bbox 62 530 120 538; x_wconf 91' lang='lat'><strong>——-</strong></span> <span class='ocrx_word' id='word_1_33' title='bbox 150 501 297 556; x_wconf 81' lang='grc' dir='ltr'>σκότῳ,</span> <span class='ocrx_word' id='word_1_34' title='bbox 331 499 436 539; x_wconf 81' lang='lat' dir='ltr'><strong>mihi</strong></span> <span class='ocrx_word' id='word_1_35' title='bbox 462 496 632 552; x_wconf 88' lang='lat' dir='ltr'><strong>quidem</strong></span> <span class='ocrx_word' id='word_1_36' title='bbox 655 507 741 532; x_wconf 86' lang='lat' dir='ltr'><strong>non</strong></span> <span class='ocrx_word' id='word_1_37' title='bbox 761 492 866 530; x_wconf 79' lang='lat' dir='ltr'><strong>satis</strong></span> <span class='ocrx_word' id='word_1_38' title='bbox 885 492 1038 543; x_wconf 88' lang='lat' dir='ltr'><strong>liquet.</strong></span> <span class='ocrx_word' id='word_1_39' title='bbox 1077 491 1261 529; x_wconf 78' lang='lat' dir='ltr'><strong>IIEMST.</strong></span> <span class='ocrx_word' id='word_1_40' title='bbox 1320 491 1526 543; x_wconf 82' lang='lat' dir='ltr'><strong>Respon-</strong></span> 
     </span>
     <span class='ocr_line' id='line_1_6' title="bbox 63 546 1524 607; baseline -0.014 -5"><span class='ocrx_word' id='word_1_41' title='bbox 63 563 187 602; x_wconf 84' lang='lat' dir='ltr'><strong>detur</strong></span> <span class='ocrx_word' id='word_1_42' title='bbox 210 559 300 607; x_wconf 84' lang='lat' dir='ltr'><strong>his,</strong></span> <span class='ocrx_word' id='word_1_43' title='bbox 334 567 379 595; x_wconf 86' lang='lat' dir='ltr'><strong>ut</strong></span> <span class='ocrx_word' id='word_1_44' title='bbox 402 556 507 593; x_wconf 86' lang='lat' dir='ltr'><strong>bene</strong></span> <span class='ocrx_word' id='word_1_45' title='bbox 531 553 724 592; x_wconf 77' lang='lat' dir='ltr'><strong>observat</strong></span> <span class='ocrx_word' id='word_1_46' title='bbox 742 549 982 588; x_wconf 54' lang='lat' dir='ltr'><strong>Abra-chius</strong></span> <span class='ocrx_word' id='word_1_47' title='bbox 1002 547 1173 589; x_wconf 79' lang='lat' dir='ltr'><strong>Dilucc.</strong></span> <span class='ocrx_word' id='word_1_48' title='bbox 1197 546 1335 587; x_wconf 78' lang='lat' dir='ltr'><strong>Thuc,</strong></span> <span class='ocrx_word' id='word_1_49' title='bbox 1362 560 1402 598; x_wconf 91' lang='lat' dir='ltr'><strong>p.</strong></span> <span class='ocrx_word' id='word_1_50' title='bbox 1424 550 1524 590; x_wconf 84' lang='grc'>567.</span> 
     </span>
     <span class='ocr_line' id='line_1_7' title="bbox 65 598 1525 668; baseline -0.012 -10"><span class='ocrx_word' id='word_1_51' title='bbox 65 618 118 659; x_wconf 84' lang='lat' dir='ltr'><strong>ad</strong></span> <span class='ocrx_word' id='word_1_52' title='bbox 145 614 348 668; x_wconf 62' lang='lat' dir='ltr'><strong>BIenippi</strong></span> <span class='ocrx_word' id='word_1_53' title='bbox 375 610 668 666; x_wconf 79' lang='lat' dir='ltr'><strong>quaestionem</strong></span> <span class='ocrx_word' id='word_1_54' title='bbox 699 607 832 644; x_wconf 86' lang='lat' dir='ltr'><strong>illam:</strong></span> <span class='ocrx_word' id='word_1_55' title='bbox 875 599 946 658; x_wconf 69' lang='grc' dir='ltr'><strong>οὐχ</strong></span> <span class='ocrx_word' id='word_1_56' title='bbox 970 601 1046 655; x_wconf 73' lang='grc' dir='ltr'><strong>ἡδύ</strong></span> <span class='ocrx_word' id='word_1_57' title='bbox 1073 598 1149 654; x_wconf 68' lang='grc' dir='ltr'><strong>ἦν,</strong></span> <span class='ocrx_word' id='word_1_58' title='bbox 1190 607 1313 651; x_wconf 79' lang='grc' dir='ltr'><em>ζῶντα</em></span> <span class='ocrx_word' id='word_1_59' title='bbox 1345 600 1448 657; x_wconf 75' lang='grc' dir='ltr'><strong>ὅρᾷν</strong></span> <span class='ocrx_word' id='word_1_60' title='bbox 1477 601 1525 644; x_wconf 76' lang='grc' dir='ltr'><strong>τὸ</strong></span> 
     </span>
     <span class='ocr_line' id='line_1_8' title="bbox 67 659 1525 728; baseline -0.007 -22"><span class='ocrx_word' id='word_1_61' title='bbox 67 679 179 728; x_wconf 50' lang='lat' dir='ltr'><strong>wlff&amp;</strong></span> <span class='ocrx_word' id='word_1_62' title='bbox 224 673 305 721; x_wconf 75' lang='lat' dir='ltr'><strong>ita,</strong></span> <span class='ocrx_word' id='word_1_63' title='bbox 338 678 385 708; x_wconf 86' lang='lat' dir='ltr'><strong>ut</strong></span> <span class='ocrx_word' id='word_1_64' title='bbox 418 665 705 720; x_wconf 83' lang='lat' dir='ltr'><strong>significetur,</strong></span> <span class='ocrx_word' id='word_1_65' title='bbox 740 661 850 699; x_wconf 82' lang='lat' dir='ltr'><strong>nihil</strong></span> <span class='ocrx_word' id='word_1_66' title='bbox 883 660 1060 699; x_wconf 83' lang='lat' dir='ltr'><strong>omnino</strong></span> <span class='ocrx_word' id='word_1_67' title='bbox 1090 660 1267 708; x_wconf 80' lang='lat' dir='ltr'><strong>referre,</strong></span> <span class='ocrx_word' id='word_1_68' title='bbox 1302 668 1442 697; x_wconf 88' lang='lat' dir='ltr'><strong>utrum</strong></span> <span class='ocrx_word' id='word_1_69' title='bbox 1475 659 1525 697; x_wconf 87' lang='lat' dir='ltr'><strong>in</strong></span> 
     </span>
     <span class='ocr_line' id='line_1_9' title="bbox 64 716 1527 777; baseline -0.012 -7"><span class='ocrx_word' id='word_1_70' title='bbox 64 735 164 771; x_wconf 87' lang='lat' dir='ltr'><strong>luce</strong></span> <span class='ocrx_word' id='word_1_71' title='bbox 185 727 320 777; x_wconf 83' lang='lat' dir='ltr'><strong>vivas,</strong></span> <span class='ocrx_word' id='word_1_72' title='bbox 355 739 407 764; x_wconf 86' lang='lat' dir='ltr'><strong>an</strong></span> <span class='ocrx_word' id='word_1_73' title='bbox 427 723 471 761; x_wconf 90' lang='lat' dir='ltr'><strong>in</strong></span> <span class='ocrx_word' id='word_1_74' title='bbox 492 719 691 760; x_wconf 83' lang='lat' dir='ltr'><strong>tenebris.</strong></span> <span class='ocrx_word' id='word_1_75' title='bbox 741 717 861 770; x_wconf 81' lang='lat' dir='ltr'><strong>Quae</strong></span> <span class='ocrx_word' id='word_1_76' title='bbox 879 716 1091 756; x_wconf 84' lang='lat' dir='ltr'><strong>sententia</strong></span> <span class='ocrx_word' id='word_1_77' title='bbox 1115 729 1239 767; x_wconf 85' lang='lat' dir='ltr'><strong>quam</strong></span> <span class='ocrx_word' id='word_1_78' title='bbox 1262 729 1409 767; x_wconf 85' lang='lat' dir='ltr'><strong>parum</strong></span> <span class='ocrx_word' id='word_1_79' title='bbox 1429 729 1527 753; x_wconf 85' lang='lat' dir='ltr'><strong>cum</strong></span> 
     </span>
     <span class='ocr_line' id='line_1_10' title="bbox 63 770 1530 842; baseline -0.014 -15"><span class='ocrx_word' id='word_1_80' title='bbox 63 801 140 842; x_wconf 86' lang='lat' dir='ltr'><strong>per</strong></span> <span class='ocrx_word' id='word_1_81' title='bbox 160 799 203 824; x_wconf 90' lang='lat' dir='ltr'><strong>se</strong></span> <span class='ocrx_word' id='word_1_82' title='bbox 229 786 344 837; x_wconf 83' lang='lat' dir='ltr'><strong>ipsa,</strong></span> <span class='ocrx_word' id='word_1_83' title='bbox 377 792 465 819; x_wconf 84' lang='lat' dir='ltr'><strong>tum</strong></span> <span class='ocrx_word' id='word_1_84' title='bbox 487 778 610 816; x_wconf 80' lang='lat' dir='ltr'><strong>etiam</strong></span> <span class='ocrx_word' id='word_1_85' title='bbox 642 774 692 813; x_wconf 86' lang='lat' dir='ltr'><strong>ad</strong></span> <span class='ocrx_word' id='word_1_86' title='bbox 715 773 917 813; x_wconf 80' lang='lat' dir='ltr'><strong>Chironis</strong></span> <span class='ocrx_word' id='word_1_87' title='bbox 941 770 1233 825; x_wconf 85' lang='lat' dir='ltr'><strong>propositum,</strong></span> <span class='ocrx_word' id='word_1_88' title='bbox 1268 774 1429 817; x_wconf 79' lang='lat' dir='ltr'><strong>valeat,</strong></span> <span class='ocrx_word' id='word_1_89' title='bbox 1462 773 1530 808; x_wconf 84' lang='lat' dir='ltr'><strong>lu·</strong></span> 
     </span>
     <span class='ocr_line' id='line_1_11' title="bbox 65 826 1529 883; baseline -0.013 0"><span class='ocrx_word' id='word_1_90' title='bbox 65 847 257 883; x_wconf 86' lang='lat' dir='ltr'><strong>culenter</strong></span> <span class='ocrx_word' id='word_1_91' title='bbox 279 853 377 877; x_wconf 88' lang='lat' dir='ltr'><strong>mox</strong></span> <span class='ocrx_word' id='word_1_92' title='bbox 400 835 660 875; x_wconf 88' lang='lat' dir='ltr'><strong>demonstrat</strong></span> <span class='ocrx_word' id='word_1_93' title='bbox 679 830 928 883; x_wconf 72' lang='lat' dir='ltr'><strong>lWenippus.</strong></span> <span class='ocrx_word' id='word_1_94' title='bbox 978 827 1084 866; x_wconf 86' lang='lat' dir='ltr'><strong>Vide</strong></span> <span class='ocrx_word' id='word_1_95' title='bbox 1105 836 1262 875; x_wconf 83' lang='lat' dir='ltr'><strong>tamen,</strong></span> <span class='ocrx_word' id='word_1_96' title='bbox 1295 841 1347 864; x_wconf 89' lang='lat' dir='ltr'><strong>an</strong></span> <span class='ocrx_word' id='word_1_97' title='bbox 1367 826 1529 865; x_wconf 78' lang='lat' dir='ltr'><strong>rectius</strong></span> 
     </span>
     <span class='ocr_line' id='line_1_12' title="bbox 62 880 1530 954; baseline -0.011 -15"><span class='ocrx_word' id='word_1_98' title='bbox 62 903 179 954; x_wconf 79' lang='lat' dir='ltr'><strong>legas</strong></span> <span class='ocrx_word' id='word_1_99' title='bbox 201 896 327 936; x_wconf 90' lang='lat' dir='ltr'><strong>verba</strong></span> <span class='ocrx_word' id='word_1_100' title='bbox 350 895 409 932; x_wconf 85' lang='lat' dir='ltr'><strong>ita</strong></span> <span class='ocrx_word' id='word_1_101' title='bbox 428 892 615 929; x_wconf 88' lang='lat' dir='ltr'><strong>inversa:</strong></span> <span class='ocrx_word' id='word_1_102' title='bbox 647 889 714 929; x_wconf 79' lang='grc' dir='ltr'><strong>καὶ</strong></span> <span class='ocrx_word' id='word_1_103' title='bbox 735 884 777 928; x_wconf 82' lang='grc' dir='ltr'><strong>τὸ</strong></span> <span class='ocrx_word' id='word_1_104' title='bbox 800 890 961 938; x_wconf 73' lang='grc' dir='ltr'><em>πρᾶγμα</em></span> <span class='ocrx_word' id='word_1_105' title='bbox 984 881 1102 926; x_wconf 74' lang='grc' dir='ltr'><em>οὐδὲν</em></span> <span class='ocrx_word' id='word_1_106' title='bbox 1123 885 1196 936; x_wconf 72' lang='grc' dir='ltr'><strong>ἔχει</strong></span> <span class='ocrx_word' id='word_1_107' title='bbox 1217 880 1442 936; x_wconf 75' lang='grc' dir='ltr'><em>διάφορον,</em></span> <span class='ocrx_word' id='word_1_108' title='bbox 1472 881 1530 923; x_wconf 76' lang='grc' dir='ltr'><strong>τὰ</strong></span> 
     </span>
     <span class='ocr_line' id='line_1_13' title="bbox 65 936 1531 1007; baseline -0.015 -10"><span class='ocrx_word' id='word_1_109' title='bbox 65 958 108 998; x_wconf 80' lang='grc' dir='ltr'><strong>ἐν</strong></span> <span class='ocrx_word' id='word_1_110' title='bbox 128 955 232 1007; x_wconf 81' lang='grc' dir='ltr'><strong>φωτὶ</strong></span> <span class='ocrx_word' id='word_1_111' title='bbox 251 951 372 1001; x_wconf 73' lang='grc' dir='ltr'><em>εἶναι,</em></span> <span class='ocrx_word' id='word_1_112' title='bbox 403 946 431 1002; x_wconf 74' lang='grc' dir='ltr'><em>ἢ</em></span> <span class='ocrx_word' id='word_1_113' title='bbox 452 948 517 988; x_wconf 79' lang='grc' dir='ltr'><strong>καὶ</strong></span> <span class='ocrx_word' id='word_1_114' title='bbox 547 947 588 987; x_wconf 78' lang='grc' dir='ltr'><strong>ἐν</strong></span> <span class='ocrx_word' id='word_1_115' title='bbox 607 941 754 993; x_wconf 75' lang='grc' dir='ltr'><strong>σκότῳ,</strong></span> <span class='ocrx_word' id='word_1_116' title='bbox 787 945 855 981; x_wconf 83' lang='lat' dir='ltr'><strong>vel</strong></span> <span class='ocrx_word' id='word_1_117' title='bbox 878 940 906 994; x_wconf 68' lang='grc' dir='ltr'><strong><em>ἦ</em></strong></span> <span class='ocrx_word' id='word_1_118' title='bbox 924 939 966 983; x_wconf 78' lang='grc' dir='ltr'><strong>τὸ</strong></span> <span class='ocrx_word' id='word_1_119' title='bbox 999 943 1040 982; x_wconf 78' lang='grc' dir='ltr'><strong>ἐν</strong></span> <span class='ocrx_word' id='word_1_120' title='bbox 1058 936 1198 991; x_wconf 82' lang='grc' dir='ltr'><strong><em>σκότῳ.</em></strong></span> <span class='ocrx_word' id='word_1_121' title='bbox 1258 939 1369 977; x_wconf 84' lang='lat' dir='ltr'><strong>Nam</strong></span> <span class='ocrx_word' id='word_1_122' title='bbox 1391 938 1531 976; x_wconf 56' lang='lat' dir='ltr'><strong>Hem&lt;—</strong></span> 
     </span>
     <span class='ocr_line' id='line_1_14' title="bbox 60 995 1531 1059; baseline -0.013 -6"><span class='ocrx_word' id='word_1_123' title='bbox 60 1012 344 1053; x_wconf 54' lang='lat' dir='ltr'><strong>ster-lausianam</strong></span> <span class='ocrx_word' id='word_1_124' title='bbox 377 1003 548 1059; x_wconf 87' lang='lat' dir='ltr'><strong>quidem</strong></span> <span class='ocrx_word' id='word_1_125' title='bbox 579 1000 806 1041; x_wconf 83' lang='lat' dir='ltr'><strong>verborum</strong></span> <span class='ocrx_word' id='word_1_126' title='bbox 837 996 1219 1050; x_wconf 78' lang='lat' dir='ltr'>transpositionem</span> <span class='ocrx_word' id='word_1_127' title='bbox 1244 1008 1368 1034; x_wconf 86' lang='lat' dir='ltr'><strong>nemo</strong></span> <span class='ocrx_word' id='word_1_128' title='bbox 1397 995 1531 1034; x_wconf 78' lang='lat' dir='ltr'><strong>facile</strong></span> 
     </span>
     <span class='ocr_line' id='line_1_15' title="bbox 56 1064 508 1123; baseline -0.027 -14"><span class='ocrx_word' id='word_1_129' title='bbox 56 1066 330 1123; x_wconf 83' lang='lat' dir='ltr'><strong>probaverit.-</strong></span> <span class='ocrx_word' id='word_1_130' title='bbox 350 1064 508 1101; x_wconf 80' lang='lat' dir='ltr'><strong>LmrM.</strong></span> 
     </span>
    </p>

    <p class='ocr_par' dir='ltr' id='par_1_3' title="bbox 15 1105 1540 2581">
     <span class='ocr_line' id='line_1_16' title="bbox 175 1105 1533 1174; baseline -0.01 -12"><span class='ocrx_word' id='word_1_131' title='bbox 175 1122 272 1174; x_wconf 77' lang='lat' dir='ltr'><strong>Pag.</strong></span> <span class='ocrx_word' id='word_1_132' title='bbox 299 1124 396 1164; x_wconf 74' lang='lat'><strong>235.</strong></span> <span class='ocrx_word' id='word_1_133' title='bbox 415 1121 446 1157; x_wconf 86' lang='lat'><strong>1.</strong></span> <span class='ocrx_word' id='word_1_134' title='bbox 466 1122 503 1158; x_wconf 87' lang='lat'><strong>1.</strong></span> <span class='ocrx_word' id='word_1_135' title='bbox 531 1109 801 1161; x_wconf 74' lang='grc' dir='ltr'><strong>Ἀνεπιδεεῖς)</strong></span> <span class='ocrx_word' id='word_1_136' title='bbox 835 1110 1008 1149; x_wconf 73' lang='lat' dir='ltr'><strong>Thomas</strong></span> <span class='ocrx_word' id='word_1_137' title='bbox 1026 1109 1224 1161; x_wconf 69' lang='lat' dir='ltr'><strong>B1a3·iste1⁴</strong></span> <span class='ocrx_word' id='word_1_138' title='bbox 1243 1122 1282 1147; x_wconf 84' lang='lat' dir='ltr'><strong>v.</strong></span> <span class='ocrx_word' id='word_1_139' title='bbox 1303 1105 1533 1149; x_wconf 76' lang='grc' dir='ltr'><strong>Ἀτὲλεστου</strong></span> 
     </span>
     <span class='ocr_line' id='line_1_17' title="bbox 63 1163 1532 1222; baseline -0.014 -1"><span class='ocrx_word' id='word_1_140' title='bbox 63 1178 236 1222; x_wconf 84' lang='lat' dir='ltr'><strong>videtur</strong></span> <span class='ocrx_word' id='word_1_141' title='bbox 267 1177 310 1214; x_wconf 87' lang='lat' dir='ltr'><strong>in</strong></span> <span class='ocrx_word' id='word_1_142' title='bbox 343 1189 419 1213; x_wconf 88' lang='lat' dir='ltr'><strong>suo</strong></span> <span class='ocrx_word' id='word_1_143' title='bbox 443 1170 606 1211; x_wconf 82' lang='lat' dir='ltr'>Codice</span> <span class='ocrx_word' id='word_1_144' title='bbox 633 1169 786 1222; x_wconf 80' lang='lat' dir='ltr'>legisse</span> <span class='ocrx_word' id='word_1_145' title='bbox 809 1163 968 1213; x_wconf 67' lang='grc' dir='ltr'><strong>ἀτελεῖς.</strong></span> <span class='ocrx_word' id='word_1_146' title='bbox 1028 1164 1112 1204; x_wconf 86' lang='lat' dir='ltr'><strong>Sed</strong></span> <span class='ocrx_word' id='word_1_147' title='bbox 1145 1164 1431 1216; x_wconf 82' lang='lat' dir='ltr'>praestantior</span> <span class='ocrx_word' id='word_1_148' title='bbox 1464 1172 1532 1203; x_wconf 71' lang='lat' dir='ltr'><strong>est</strong></span> 
     </span>
     <span class='ocr_line' id='line_1_18' title="bbox 63 1220 1532 1276; baseline -0.017 0"><span class='ocrx_word' id='word_1_149' title='bbox 63 1245 309 1276; x_wconf 85' lang='lat' dir='ltr'><strong>nostrorum</strong></span> <span class='ocrx_word' id='word_1_150' title='bbox 326 1232 532 1271; x_wconf 91' lang='lat' dir='ltr'><strong>librorum</strong></span> <span class='ocrx_word' id='word_1_151' title='bbox 550 1225 694 1265; x_wconf 87' lang='lat' dir='ltr'><strong>lectio.</strong></span> <span class='ocrx_word' id='word_1_152' title='bbox 730 1225 898 1262; x_wconf 76' lang='lat' dir='ltr'><strong>SOLAN.</strong></span> <span class='ocrx_word' id='word_1_153' title='bbox 961 1223 1080 1274; x_wconf 89' lang='lat' dir='ltr'><strong>Ejus,</strong></span> <span class='ocrx_word' id='word_1_154' title='bbox 1107 1235 1230 1274; x_wconf 87' lang='lat' dir='ltr'><strong>quam</strong></span> <span class='ocrx_word' id='word_1_155' title='bbox 1247 1220 1418 1259; x_wconf 64' lang='lat' dir='ltr'><strong>Thomas</strong></span> <span class='ocrx_word' id='word_1_156' title='bbox 1429 1220 1532 1259; x_wconf 57' lang='lat'><strong>3²12]-</strong></span> 
     </span>
     <span class='ocr_line' id='line_1_19' title="bbox 59 1276 1532 1348; baseline -0.015 -14"><span class='ocrx_word' id='word_1_157' title='bbox 59 1295 176 1348; x_wconf 75' lang='lat' dir='ltr'><strong>gistri</strong></span> <span class='ocrx_word' id='word_1_158' title='bbox 193 1289 301 1329; x_wconf 83' lang='lat' dir='ltr'><strong>liber</strong></span> <span class='ocrx_word' id='word_1_159' title='bbox 323 1285 540 1341; x_wconf 88' lang='lat' dir='ltr'><strong>praetulit,</strong></span> <span class='ocrx_word' id='word_1_160' title='bbox 566 1281 767 1322; x_wconf 83' lang='lat' dir='ltr'><strong>lectionis</strong></span> <span class='ocrx_word' id='word_1_161' title='bbox 789 1278 938 1327; x_wconf 71' lang='grc' dir='ltr'><em>ἀτελεῖς</em></span> <span class='ocrx_word' id='word_1_162' title='bbox 957 1280 1120 1315; x_wconf 86' lang='lat' dir='ltr'><strong>nullum</strong></span> <span class='ocrx_word' id='word_1_163' title='bbox 1143 1286 1282 1315; x_wconf 83' lang='lat' dir='ltr'><strong>exstat</strong></span> <span class='ocrx_word' id='word_1_164' title='bbox 1302 1277 1346 1313; x_wconf 85' lang='lat' dir='ltr'><strong>in</strong></span> <span class='ocrx_word' id='word_1_165' title='bbox 1368 1276 1532 1313; x_wconf 65' lang='lat' dir='ltr'><strong>nostris</strong></span> 
     </span>
     <span class='ocr_line' id='line_1_20' title="bbox 61 1331 1533 1400; baseline -0.014 -12"><span class='ocrx_word' id='word_1_166' title='bbox 61 1347 319 1400; x_wconf 80' lang='lat' dir='ltr'><strong>vestigium:</strong></span> <span class='ocrx_word' id='word_1_167' title='bbox 352 1345 444 1396; x_wconf 89' lang='lat' dir='ltr'><strong>ipsa</strong></span> <span class='ocrx_word' id='word_1_168' title='bbox 472 1352 612 1379; x_wconf 80' lang='lat' dir='ltr'><strong>tamen</strong></span> <span class='ocrx_word' id='word_1_169' title='bbox 638 1337 803 1375; x_wconf 87' lang='lat' dir='ltr'><strong>indicio</strong></span> <span class='ocrx_word' id='word_1_170' title='bbox 833 1345 916 1384; x_wconf 86' lang='lat' dir='ltr'><strong>est,</strong></span> <span class='ocrx_word' id='word_1_171' title='bbox 952 1332 1068 1387; x_wconf 84' lang='lat' dir='ltr'><strong>quod</strong></span> <span class='ocrx_word' id='word_1_172' title='bbox 1090 1343 1189 1371; x_wconf 88' lang='lat' dir='ltr'><strong>ante</strong></span> <span class='ocrx_word' id='word_1_173' title='bbox 1217 1346 1296 1371; x_wconf 86' lang='lat' dir='ltr'><strong>nos</strong></span> <span class='ocrx_word' id='word_1_174' title='bbox 1317 1331 1533 1383; x_wconf 82' lang='lat' dir='ltr'><strong>suspicari</strong></span> 
     </span>
     <span class='ocr_line' id='line_1_21' title="bbox 62 1387 1535 1452; baseline -0.014 -8"><span class='ocrx_word' id='word_1_175' title='bbox 62 1405 274 1452; x_wconf 81' lang='lat' dir='ltr'><strong>diximus,</strong></span> <span class='ocrx_word' id='word_1_176' title='bbox 305 1401 423 1439; x_wconf 89' lang='lat' dir='ltr'><strong>hunc</strong></span> <span class='ocrx_word' id='word_1_177' title='bbox 448 1397 663 1449; x_wconf 84' lang='lat' dir='ltr'>dialogum</span> <span class='ocrx_word' id='word_1_178' title='bbox 696 1396 802 1432; x_wconf 79' lang='lat' dir='ltr'><strong>male</strong></span> <span class='ocrx_word' id='word_1_179' title='bbox 827 1391 961 1429; x_wconf 83' lang='lat' dir='ltr'><strong>fuisse</strong></span> <span class='ocrx_word' id='word_1_180' title='bbox 986 1404 1007 1427; x_wconf 84' lang='lat' dir='ltr'><strong>a</strong></span> <span class='ocrx_word' id='word_1_181' title='bbox 1036 1387 1373 1440; x_wconf 85' lang='lat' dir='ltr'><strong>descriptoribus</strong></span> <span class='ocrx_word' id='word_1_182' title='bbox 1399 1387 1535 1425; x_wconf 84' lang='lat' dir='ltr'><strong>habi--</strong></span> 
     </span>
     <span class='ocr_line' id='line_1_22' title="bbox 59 1441 1533 1501; baseline -0.016 0"><span class='ocrx_word' id='word_1_183' title='bbox 59 1471 164 1501; x_wconf 88' lang='lat' dir='ltr'><strong>tum.</strong></span> <span class='ocrx_word' id='word_1_184' title='bbox 226 1458 333 1497; x_wconf 86' lang='lat' dir='ltr'><strong>Cum</strong></span> <span class='ocrx_word' id='word_1_185' title='bbox 361 1465 500 1494; x_wconf 83' lang='lat' dir='ltr'><strong>autem</strong></span> <span class='ocrx_word' id='word_1_186' title='bbox 531 1452 834 1501; x_wconf 74' lang='lat' dir='ltr'><strong>interpretatur</strong></span> <span class='ocrx_word' id='word_1_187' title='bbox 867 1442 1027 1499; x_wconf 66' lang='grc' dir='ltr'><em>ἀτελὴς,</em></span> <span class='ocrx_word' id='word_1_188' title='bbox 1062 1441 1084 1486; x_wconf 79' lang='grc' dir='ltr'><em>ὅ</em></span> <span class='ocrx_word' id='word_1_189' title='bbox 1110 1443 1321 1497; x_wconf 67' lang='grc' dir='ltr'><em>ἀμέτοχος,</em></span> <span class='ocrx_word' id='word_1_190' title='bbox 1355 1441 1400 1480; x_wconf 87' lang='lat' dir='ltr'><strong>id</strong></span> <span class='ocrx_word' id='word_1_191' title='bbox 1432 1444 1533 1497; x_wconf 69' lang='lat' dir='ltr'><strong>qui-</strong></span> 
     </span>
     <span class='ocr_line' id='line_1_23' title="bbox 61 1499 1533 1559; baseline -0.013 -2"><span class='ocrx_word' id='word_1_192' title='bbox 61 1518 156 1558; x_wconf 85' lang='lat' dir='ltr'><strong>dem</strong></span> <span class='ocrx_word' id='word_1_193' title='bbox 190 1525 240 1554; x_wconf 88' lang='lat' dir='ltr'><strong>ut</strong></span> <span class='ocrx_word' id='word_1_194' title='bbox 267 1513 371 1553; x_wconf 82' lang='lat' dir='ltr'><strong>satis</strong></span> <span class='ocrx_word' id='word_1_195' title='bbox 396 1520 459 1550; x_wconf 88' lang='lat' dir='ltr'><strong>est</strong></span> <span class='ocrx_word' id='word_1_196' title='bbox 489 1507 541 1547; x_wconf 89' lang='lat' dir='ltr'><strong>ad</strong></span> <span class='ocrx_word' id='word_1_197' title='bbox 568 1508 693 1559; x_wconf 87' lang='lat' dir='ltr'><strong>hujus</strong></span> <span class='ocrx_word' id='word_1_198' title='bbox 725 1505 811 1543; x_wconf 82' lang='lat' dir='ltr'><strong>ioci</strong></span> <span class='ocrx_word' id='word_1_199' title='bbox 845 1503 1102 1542; x_wconf 81' lang='lat' dir='ltr'><strong>sententiam</strong></span> <span class='ocrx_word' id='word_1_200' title='bbox 1134 1500 1420 1548; x_wconf 83' lang='lat' dir='ltr'><strong>conveniens,</strong></span> <span class='ocrx_word' id='word_1_201' title='bbox 1462 1499 1533 1538; x_wconf 68' lang='lat' dir='ltr'><strong>sio</strong></span> 
     </span>
     <span class='ocr_line' id='line_1_24' title="bbox 60 1555 1533 1627; baseline -0.014 -14"><span class='ocrx_word' id='word_1_202' title='bbox 60 1583 318 1627; x_wconf 81' lang='lat' dir='ltr'><strong>magnopere</strong></span> <span class='ocrx_word' id='word_1_203' title='bbox 345 1580 516 1611; x_wconf 74' lang='lat' dir='ltr'><strong>vereor,</strong></span> <span class='ocrx_word' id='word_1_204' title='bbox 549 1577 602 1602; x_wconf 89' lang='lat' dir='ltr'><strong>ne</strong></span> <span class='ocrx_word' id='word_1_205' title='bbox 633 1576 657 1600; x_wconf 91' lang='lat' dir='ltr'><strong>a</strong></span> <span class='ocrx_word' id='word_1_206' title='bbox 687 1559 999 1600; x_wconf 86' lang='lat' dir='ltr'><strong>consuetudine</strong></span> <span class='ocrx_word' id='word_1_207' title='bbox 1033 1557 1188 1596; x_wconf 86' lang='lat' dir='ltr'><strong>Graeci</strong></span> <span class='ocrx_word' id='word_1_208' title='bbox 1217 1555 1425 1596; x_wconf 89' lang='lat' dir='ltr'><strong>sermonis</strong></span> <span class='ocrx_word' id='word_1_209' title='bbox 1455 1555 1533 1593; x_wconf 78' lang='lat' dir='ltr'><strong>ab·</strong></span> 
     </span>
     <span class='ocr_line' id='line_1_25' title="bbox 60 1610 1533 1678; baseline -0.013 -10"><span class='ocrx_word' id='word_1_210' title='bbox 60 1631 256 1672; x_wconf 33' lang='lat' dir='ltr'><strong>horre-at:</strong></span> <span class='ocrx_word' id='word_1_211' title='bbox 289 1622 488 1678; x_wconf 85' lang='lat' dir='ltr'><strong>equidem</strong></span> <span class='ocrx_word' id='word_1_212' title='bbox 520 1617 717 1668; x_wconf 86' lang='lat' dir='ltr'><strong>memini,</strong></span> <span class='ocrx_word' id='word_1_213' title='bbox 748 1631 836 1655; x_wconf 84' lang='lat' dir='ltr'><strong>non</strong></span> <span class='ocrx_word' id='word_1_214' title='bbox 867 1614 1065 1653; x_wconf 86' lang='lat' dir='ltr'><strong>dissimili</strong></span> <span class='ocrx_word' id='word_1_215' title='bbox 1100 1622 1314 1652; x_wconf 85' lang='lat' dir='ltr'><strong>structura</strong></span> <span class='ocrx_word' id='word_1_216' title='bbox 1346 1610 1476 1650; x_wconf 86' lang='lat' dir='ltr'><strong>scribi</strong></span> <span class='ocrx_word' id='word_1_217' title='bbox 1503 1624 1533 1650; x_wconf 77' lang='lat' dir='ltr'>n</span> 
     </span>
     <span class='ocr_line' id='line_1_26' title="bbox 62 1665 1534 1739; baseline -0.013 -14"><span class='ocrx_word' id='word_1_218' title='bbox 62 1687 225 1739; x_wconf 84' lang='lat' dir='ltr'><strong>Dionys.</strong></span> <span class='ocrx_word' id='word_1_219' title='bbox 252 1681 395 1721; x_wconf 85' lang='lat' dir='ltr'><strong>Halic.</strong></span> <span class='ocrx_word' id='word_1_220' title='bbox 418 1679 467 1719; x_wconf 90' lang='lat' dir='ltr'><strong>A.</strong></span> <span class='ocrx_word' id='word_1_221' title='bbox 489 1678 542 1715; x_wconf 84' lang='lat' dir='ltr'><strong>R.</strong></span> <span class='ocrx_word' id='word_1_222' title='bbox 563 1674 685 1714; x_wconf 89' lang='lat' dir='ltr'>VIII.</span> <span class='ocrx_word' id='word_1_223' title='bbox 709 1687 749 1726; x_wconf 88' lang='lat' dir='ltr'><strong>p.</strong></span> <span class='ocrx_word' id='word_1_224' title='bbox 772 1675 870 1715; x_wconf 82' lang='lat'><strong>506.</strong></span> <span class='ocrx_word' id='word_1_225' title='bbox 895 1686 934 1711; x_wconf 88' lang='lat' dir='ltr'><strong>v.</strong></span> <span class='ocrx_word' id='word_1_226' title='bbox 956 1676 1023 1715; x_wconf 81' lang='lat'><strong>38.</strong></span> <span class='ocrx_word' id='word_1_227' title='bbox 1050 1672 1106 1711; x_wconf 86' lang='grc' dir='ltr'><strong>Εἰ</strong></span> <span class='ocrx_word' id='word_1_228' title='bbox 1137 1669 1178 1711; x_wconf 78' lang='grc' dir='ltr'><strong>δὲ</strong></span> <span class='ocrx_word' id='word_1_229' title='bbox 1209 1665 1436 1721; x_wconf 76' lang='grc' dir='ltr'><em>διαμαρτών</em></span> <span class='ocrx_word' id='word_1_230' title='bbox 1457 1671 1534 1718; x_wconf 66' lang='grc' dir='ltr'><strong>τῆς</strong></span> 
     </span>
     <span class='ocr_line' id='line_1_27' title="bbox 66 1725 1534 1793; baseline -0.018 -8"><span class='ocrx_word' id='word_1_231' title='bbox 66 1745 206 1793; x_wconf 78' lang='grc' dir='ltr'><strong><em>πείρας</em></strong></span> <span class='ocrx_word' id='word_1_232' title='bbox 226 1736 367 1789; x_wconf 71' lang='grc' dir='ltr'><strong><em>ἀτελὴς</em></strong></span> <span class='ocrx_word' id='word_1_233' title='bbox 392 1739 466 1776; x_wconf 78' lang='grc' dir='ltr'><strong>τοῦ</strong></span> <span class='ocrx_word' id='word_1_234' title='bbox 488 1734 604 1786; x_wconf 76' lang='grc' dir='ltr'><em>ἔργου</em></span> <span class='ocrx_word' id='word_1_235' title='bbox 637 1725 946 1783; x_wconf 65' lang='grc' dir='ltr'><em>ἀναστρέψειεν·</em></span> <span class='ocrx_word' id='word_1_236' title='bbox 979 1725 1052 1765; x_wconf 83' lang='lat' dir='ltr'><strong>sed</strong></span> <span class='ocrx_word' id='word_1_237' title='bbox 1076 1725 1160 1763; x_wconf 86' lang='lat' dir='ltr'><strong>alia</strong></span> <span class='ocrx_word' id='word_1_238' title='bbox 1192 1735 1255 1764; x_wconf 89' lang='lat' dir='ltr'><strong>est</strong></span> <span class='ocrx_word' id='word_1_239' title='bbox 1278 1734 1321 1763; x_wconf 83' lang='lat' dir='ltr'><strong>et</strong></span> <span class='ocrx_word' id='word_1_240' title='bbox 1337 1732 1534 1775; x_wconf 59' lang='lat' dir='ltr'><strong>potestas</strong></span> 
     </span>
     <span class='ocr_line' id='line_1_28' title="bbox 69 1778 1536 1850; baseline -0.016 -12"><span class='ocrx_word' id='word_1_241' title='bbox 69 1809 113 1839; x_wconf 85' lang='lat' dir='ltr'><strong>et</strong></span> <span class='ocrx_word' id='word_1_242' title='bbox 129 1791 404 1850; x_wconf 83' lang='lat' dir='ltr'><strong>significandi</strong></span> <span class='ocrx_word' id='word_1_243' title='bbox 425 1789 548 1829; x_wconf 83' lang='lat' dir='ltr'><strong>ratio.</strong></span> <span class='ocrx_word' id='word_1_244' title='bbox 597 1788 725 1825; x_wconf 85' lang='lat' dir='ltr'><strong>Forte</strong></span> <span class='ocrx_word' id='word_1_245' title='bbox 748 1785 842 1837; x_wconf 82' lang='lat' dir='ltr'><strong>quis</strong></span> <span class='ocrx_word' id='word_1_246' title='bbox 863 1782 1097 1831; x_wconf 68' lang='lat' dir='ltr'><strong>existimet,</strong></span> <span class='ocrx_word' id='word_1_247' title='bbox 1130 1783 1190 1819; x_wconf 83' lang='lat' dir='ltr'><strong>ita</strong></span> <span class='ocrx_word' id='word_1_248' title='bbox 1211 1778 1386 1819; x_wconf 80' lang='lat' dir='ltr'><strong>defendi</strong></span> <span class='ocrx_word' id='word_1_249' title='bbox 1404 1791 1536 1831; x_wconf 68' lang='lat' dir='ltr'><strong>posse</strong></span> 
     </span>
     <span class='ocr_line' id='line_1_29' title="bbox 69 1837 1537 1904; baseline -0.017 -7"><span class='ocrx_word' id='word_1_250' title='bbox 69 1851 234 1904; x_wconf 66' lang='grc' dir='ltr'><em>ἀτελεῖς,</em></span> <span class='ocrx_word' id='word_1_251' title='bbox 266 1851 303 1889; x_wconf 86' lang='lat' dir='ltr'><strong>si</strong></span> <span class='ocrx_word' id='word_1_252' title='bbox 333 1862 426 1888; x_wconf 84' lang='lat' dir='ltr'><strong>eum</strong></span> <span class='ocrx_word' id='word_1_253' title='bbox 456 1847 500 1884; x_wconf 87' lang='lat' dir='ltr'><strong>in</strong></span> <span class='ocrx_word' id='word_1_254' title='bbox 523 1843 696 1882; x_wconf 89' lang='lat' dir='ltr'><strong>modum</strong></span> <span class='ocrx_word' id='word_1_255' title='bbox 718 1841 1004 1894; x_wconf 72' lang='lat' dir='ltr'><strong>intelligatur,</strong></span> <span class='ocrx_word' id='word_1_256' title='bbox 1036 1848 1084 1875; x_wconf 91' lang='lat' dir='ltr'><strong>ut</strong></span> <span class='ocrx_word' id='word_1_257' title='bbox 1104 1837 1360 1875; x_wconf 86' lang='lat' dir='ltr'><strong>Latinorum</strong></span> <span class='ocrx_word' id='word_1_258' title='bbox 1379 1838 1537 1874; x_wconf 73' lang='lat' dir='ltr'><strong>imma--</strong></span> 
     </span>
     <span class='ocr_line' id='line_1_30' title="bbox 69 1890 1537 1952; baseline -0.016 -1"><span class='ocrx_word' id='word_1_259' title='bbox 69 1914 156 1952; x_wconf 82' lang='lat' dir='ltr'><strong>nis.-</strong></span> <span class='ocrx_word' id='word_1_260' title='bbox 187 1910 233 1947; x_wconf 91' lang='lat' dir='ltr'><strong>in</strong></span> <span class='ocrx_word' id='word_1_261' title='bbox 255 1906 406 1947; x_wconf 77' lang='lat' dir='ltr'><strong>Glossis</strong></span> <span class='ocrx_word' id='word_1_262' title='bbox 427 1906 605 1941; x_wconf 87' lang='lat' dir='ltr'><strong>alterum</strong></span> <span class='ocrx_word' id='word_1_263' title='bbox 629 1897 801 1937; x_wconf 85' lang='lat' dir='ltr'><strong>alterius</strong></span> <span class='ocrx_word' id='word_1_264' title='bbox 828 1893 1112 1948; x_wconf 78' lang='lat' dir='ltr'><strong>explicationi</strong></span> <span class='ocrx_word' id='word_1_265' title='bbox 1135 1892 1314 1931; x_wconf 88' lang='lat' dir='ltr'><strong>inservit</strong></span> <span class='ocrx_word' id='word_1_266' title='bbox 1338 1890 1537 1931; x_wconf 83' lang='lat' dir='ltr'><strong>vocabu--</strong></span> 
     </span>
     <span class='ocr_line' id='line_1_31' title="bbox 15 1944 1536 2008; baseline -0.02 1"><span class='ocrx_word' id='word_1_267' title='bbox 15 1966 21 1969; x_wconf 17' lang='lat' dir='ltr'><strong>i</strong></span> <span class='ocrx_word' id='word_1_268' title='bbox 69 1971 172 2008; x_wconf 88' lang='lat' dir='ltr'><strong>lum.</strong></span> <span class='ocrx_word' id='word_1_269' title='bbox 239 1966 348 2002; x_wconf 90' lang='lat' dir='ltr'><strong>Tum</strong></span> <span class='ocrx_word' id='word_1_270' title='bbox 385 1971 534 1998; x_wconf 82' lang='lat' dir='ltr'><strong>sensus</strong></span> <span class='ocrx_word' id='word_1_271' title='bbox 562 1956 662 2004; x_wconf 88' lang='lat' dir='ltr'><strong>erit,</strong></span> <span class='ocrx_word' id='word_1_272' title='bbox 705 1954 826 2005; x_wconf 78' lang='lat' dir='ltr'><strong>isque</strong></span> <span class='ocrx_word' id='word_1_273' title='bbox 861 1951 1034 1989; x_wconf 89' lang='lat' dir='ltr'><strong>minime</strong></span> <span class='ocrx_word' id='word_1_274' title='bbox 1066 1946 1425 1988; x_wconf 81' lang='lat' dir='ltr'><strong>contemnendus:</strong></span> <span class='ocrx_word' id='word_1_275' title='bbox 1465 1944 1536 1985; x_wconf 64' lang='lat' dir='ltr'><strong>sed</strong></span> 
     </span>
     <span class='ocr_line' id='line_1_32' title="bbox 68 2003 1536 2064; baseline -0.016 0"><span class='ocrx_word' id='word_1_276' title='bbox 68 2027 257 2064; x_wconf 79' lang='lat' dir='ltr'><strong>immunes</strong></span> <span class='ocrx_word' id='word_1_277' title='bbox 275 2033 407 2058; x_wconf 86' lang='lat' dir='ltr'><strong>sumus</strong></span> <span class='ocrx_word' id='word_1_278' title='bbox 426 2031 552 2054; x_wconf 78' lang='lat' dir='ltr'><strong>rerum</strong></span> <span class='ocrx_word' id='word_1_279' title='bbox 570 2015 734 2051; x_wconf 74' lang='lat' dir='ltr'><strong>istarum</strong></span> <span class='ocrx_word' id='word_1_280' title='bbox 751 2011 922 2048; x_wconf 80' lang='lat' dir='ltr'><strong>omnium</strong></span> <span class='ocrx_word' id='word_1_281' title='bbox 936 2024 948 2047; x_wconf 90' lang='lat'><strong>.·</strong></span> <span class='ocrx_word' id='word_1_282' title='bbox 976 2006 1044 2045; x_wconf 68' lang='lat' dir='ltr'><strong>sed</strong></span> <span class='ocrx_word' id='word_1_283' title='bbox 1063 2005 1241 2045; x_wconf 78' lang='lat' dir='ltr'><strong>oneribus</strong></span> <span class='ocrx_word' id='word_1_284' title='bbox 1258 2003 1341 2043; x_wconf 81' lang='lat' dir='ltr'><strong>illis</strong></span> <span class='ocrx_word' id='word_1_285' title='bbox 1359 2019 1408 2043; x_wconf 83' lang='lat' dir='ltr'><strong>ac</strong></span> <span class='ocrx_word' id='word_1_286' title='bbox 1418 2003 1536 2058; x_wconf 82' lang='lat' dir='ltr'><strong>fun—</strong></span> 
     </span>
     <span class='ocr_line' id='line_1_33' title="bbox 68 2060 1537 2121; baseline -0.021 0"><span class='ocrx_word' id='word_1_287' title='bbox 68 2075 266 2121; x_wconf 57' lang='lat' dir='ltr'><strong>ctionibus</strong></span> <span class='ocrx_word' id='word_1_288' title='bbox 291 2072 449 2114; x_wconf 73' lang='lat' dir='ltr'><strong>sitiendi</strong></span> <span class='ocrx_word' id='word_1_289' title='bbox 477 2067 743 2120; x_wconf 67' lang='lat' dir='ltr'><strong>esuriendique</strong></span> <span class='ocrx_word' id='word_1_290' title='bbox 765 2081 896 2103; x_wconf 80' lang='lat' dir='ltr'><strong>sumus</strong></span> <span class='ocrx_word' id='word_1_291' title='bbox 924 2063 1055 2102; x_wconf 70' lang='lat' dir='ltr'><strong>levati.</strong></span> <span class='ocrx_word' id='word_1_292' title='bbox 1117 2061 1207 2115; x_wconf 80' lang='lat' dir='ltr'><strong>Qui</strong></span> <span class='ocrx_word' id='word_1_293' title='bbox 1228 2060 1339 2098; x_wconf 85' lang='lat' dir='ltr'><strong>hanc</strong></span> <span class='ocrx_word' id='word_1_294' title='bbox 1360 2063 1537 2114; x_wconf 83' lang='lat' dir='ltr'><strong>elegan-</strong></span> 
     </span>
     <span class='ocr_line' id='line_1_34' title="bbox 70 2116 1534 2181; baseline -0.016 -5"><span class='ocrx_word' id='word_1_295' title='bbox 70 2138 177 2175; x_wconf 83' lang='lat' dir='ltr'><strong>tiam</strong></span> <span class='ocrx_word' id='word_1_296' title='bbox 207 2147 295 2173; x_wconf 88' lang='lat' dir='ltr'><strong>non</strong></span> <span class='ocrx_word' id='word_1_297' title='bbox 329 2127 579 2181; x_wconf 81' lang='lat' dir='ltr'><strong>capiebant,</strong></span> <span class='ocrx_word' id='word_1_298' title='bbox 610 2122 749 2162; x_wconf 88' lang='lat' dir='ltr'><strong>videri</strong></span> <span class='ocrx_word' id='word_1_299' title='bbox 778 2129 959 2172; x_wconf 88' lang='lat' dir='ltr'><strong>possunt</strong></span> <span class='ocrx_word' id='word_1_300' title='bbox 985 2127 1182 2157; x_wconf 87' lang='lat' dir='ltr'><strong>mutasse.</strong></span> <span class='ocrx_word' id='word_1_301' title='bbox 1242 2116 1337 2155; x_wconf 90' lang='lat' dir='ltr'><strong>Nos</strong></span> <span class='ocrx_word' id='word_1_302' title='bbox 1356 2116 1534 2165; x_wconf 87' lang='lat' dir='ltr'><strong>interea,</strong></span> 
     </span>
     <span class='ocr_line' id='line_1_35' title="bbox 78 2171 1537 2232; baseline -0.016 1"><span class='ocrx_word' id='word_1_303' title='bbox 78 2191 179 2232; x_wconf 81' lang='lat' dir='ltr'><strong>dum</strong></span> <span class='ocrx_word' id='word_1_304' title='bbox 197 2188 354 2230; x_wconf 87' lang='lat' dir='ltr'><strong>certius</strong></span> <span class='ocrx_word' id='word_1_305' title='bbox 372 2182 698 2223; x_wconf 80' lang='lat' dir='ltr'><strong>fundamentum</strong></span> <span class='ocrx_word' id='word_1_306' title='bbox 722 2177 957 2232; x_wconf 74' lang='lat' dir='ltr'><strong>detegatur,</strong></span> <span class='ocrx_word' id='word_1_307' title='bbox 981 2175 1165 2214; x_wconf 85' lang='lat' dir='ltr'><strong>lectione</strong></span> <span class='ocrx_word' id='word_1_308' title='bbox 1186 2175 1361 2226; x_wconf 83' lang='lat' dir='ltr'><strong>vulgata</strong></span> <span class='ocrx_word' id='word_1_309' title='bbox 1380 2171 1537 2211; x_wconf 84' lang='lat' dir='ltr'><strong>erimus</strong></span> 
     </span>
     <span class='ocr_line' id='line_1_36' title="bbox 77 2227 1538 2288; baseline -0.015 0"><span class='ocrx_word' id='word_1_310' title='bbox 77 2245 285 2288; x_wconf 81' lang='lat' dir='ltr'><strong>contenti.</strong></span> <span class='ocrx_word' id='word_1_311' title='bbox 330 2243 514 2281; x_wconf 73' lang='lat' dir='ltr'><strong>Hmvr-sr.</strong></span> <span class='ocrx_word' id='word_1_312' title='bbox 593 2237 779 2275; x_wconf 86' lang='lat' dir='ltr'><strong>Detecta</strong></span> <span class='ocrx_word' id='word_1_313' title='bbox 814 2246 958 2272; x_wconf 84' lang='lat' dir='ltr'><strong>revera</strong></span> <span class='ocrx_word' id='word_1_314' title='bbox 993 2232 1037 2269; x_wconf 87' lang='lat' dir='ltr'><strong>in</strong></span> <span class='ocrx_word' id='word_1_315' title='bbox 1070 2229 1163 2269; x_wconf 88' lang='lat' dir='ltr'><strong>cod.</strong></span> <span class='ocrx_word' id='word_1_316' title='bbox 1193 2233 1319 2273; x_wconf 78' lang='lat'><strong>2954,</strong></span> <span class='ocrx_word' id='word_1_317' title='bbox 1345 2227 1538 2266; x_wconf 79' lang='lat' dir='ltr'><strong>lectione</strong></span> 
     </span>
     <span class='ocr_line' id='line_1_37' title="bbox 76 2285 1540 2356; baseline -0.016 -9"><span class='ocrx_word' id='word_1_318' title='bbox 76 2303 225 2352; x_wconf 77' lang='grc' dir='ltr'><strong><em>ἀτελεῖς</em></strong></span> <span class='ocrx_word' id='word_1_319' title='bbox 246 2306 328 2356; x_wconf 83' lang='lat' dir='ltr'><strong>jam</strong></span> <span class='ocrx_word' id='word_1_320' title='bbox 348 2298 422 2345; x_wconf 77' lang='lat' dir='ltr'><strong>vix</strong></span> <span class='ocrx_word' id='word_1_321' title='bbox 451 2293 639 2334; x_wconf 85' lang='lat' dir='ltr'><strong>dubitari</strong></span> <span class='ocrx_word' id='word_1_322' title='bbox 667 2290 850 2342; x_wconf 87' lang='lat' dir='ltr'><strong>amplius</strong></span> <span class='ocrx_word' id='word_1_323' title='bbox 867 2301 994 2341; x_wconf 88' lang='lat' dir='ltr'><strong>posse</strong></span> <span class='ocrx_word' id='word_1_324' title='bbox 1022 2286 1216 2336; x_wconf 84' lang='lat' dir='ltr'><strong>videtur,</strong></span> <span class='ocrx_word' id='word_1_325' title='bbox 1251 2287 1356 2339; x_wconf 86' lang='lat' dir='ltr'><strong>quin</strong></span> <span class='ocrx_word' id='word_1_326' title='bbox 1380 2285 1441 2322; x_wconf 80' lang='lat' dir='ltr'><strong>sic</strong></span> <span class='ocrx_word' id='word_1_327' title='bbox 1462 2298 1540 2338; x_wconf 83' lang='lat' dir='ltr'><strong>ge-</strong></span> 
     </span>
     <span class='ocr_line' id='line_1_38' title="bbox 74 2338 1538 2407; baseline -0.02 -7"><span class='ocrx_word' id='word_1_328' title='bbox 74 2361 253 2400; x_wconf 77' lang='lat' dir='ltr'><strong>nuinam</strong></span> <span class='ocrx_word' id='word_1_329' title='bbox 271 2353 555 2407; x_wconf 88' lang='lat' dir='ltr'><strong>acceperimus</strong></span> <span class='ocrx_word' id='word_1_330' title='bbox 574 2348 816 2393; x_wconf 86' lang='lat' dir='ltr'><strong>lectionem,</strong></span> <span class='ocrx_word' id='word_1_331' title='bbox 840 2348 960 2395; x_wconf 82' lang='lat' dir='ltr'><strong>cujus</strong></span> <span class='ocrx_word' id='word_1_332' title='bbox 980 2338 1202 2390; x_wconf 71' lang='grc' dir='ltr'><em>ἀνεπιδεεῖς</em></span> <span class='ocrx_word' id='word_1_333' title='bbox 1225 2341 1282 2380; x_wconf 88' lang='lat' dir='ltr'><strong>sit</strong></span> <span class='ocrx_word' id='word_1_334' title='bbox 1306 2342 1538 2393; x_wconf 75' lang='lat' dir='ltr'><strong>qualecun-</strong></span> 
     </span>
     <span class='ocr_line' id='line_1_39' title="bbox 78 2395 1537 2470; baseline -0.014 -14"><span class='ocrx_word' id='word_1_335' title='bbox 78 2431 162 2470; x_wconf 90' lang='lat' dir='ltr'><strong>que</strong></span> <span class='ocrx_word' id='word_1_336' title='bbox 184 2415 621 2466; x_wconf 81' lang='lat' dir='ltr'><strong>interpretamentum,</strong></span> <span class='ocrx_word' id='word_1_337' title='bbox 655 2402 799 2460; x_wconf 67' lang='lat' dir='ltr'><strong>nescio</strong></span> <span class='ocrx_word' id='word_1_338' title='bbox 818 2415 871 2439; x_wconf 87' lang='lat' dir='ltr'><strong>an</strong></span> <span class='ocrx_word' id='word_1_339' title='bbox 892 2402 1006 2438; x_wconf 78' lang='lat' dir='ltr'><strong>forte</strong></span> <span class='ocrx_word' id='word_1_340' title='bbox 1025 2413 1046 2438; x_wconf 89' lang='lat' dir='ltr'><strong>e</strong></span> <span class='ocrx_word' id='word_1_341' title='bbox 1069 2398 1205 2438; x_wconf 79' lang='lat' dir='ltr'><strong>verbis</strong></span> <span class='ocrx_word' id='word_1_342' title='bbox 1223 2396 1395 2436; x_wconf 86' lang='lat' dir='ltr'><strong>Tantali</strong></span> <span class='ocrx_word' id='word_1_343' title='bbox 1414 2395 1537 2436; x_wconf 81' lang='lat' dir='ltr'><strong>Dial.</strong></span> 
     </span>
     <span class='ocr_line' id='line_1_40' title="bbox 78 2453 1539 2512; baseline -0.013 0"><span class='ocrx_word' id='word_1_344' title='bbox 78 2472 221 2512; x_wconf 90' lang='lat' dir='ltr'>XVII.</span> <span class='ocrx_word' id='word_1_345' title='bbox 242 2480 348 2509; x_wconf 81' lang='lat' dir='ltr'><strong>extr.</strong></span> <span class='ocrx_word' id='word_1_346' title='bbox 378 2467 443 2507; x_wconf 80' lang='grc' dir='ltr'><strong>καὶ</strong></span> <span class='ocrx_word' id='word_1_347' title='bbox 463 2469 578 2505; x_wconf 81' lang='grc' dir='ltr'>τοῦτο</span> <span class='ocrx_word' id='word_1_348' title='bbox 603 2458 643 2503; x_wconf 81' lang='grc' dir='ltr'><strong>δ’</strong></span> <span class='ocrx_word' id='word_1_349' title='bbox 669 2460 743 2502; x_wconf 74' lang='grc' dir='ltr'><strong>οὑν</strong></span> <span class='ocrx_word' id='word_1_350' title='bbox 757 2459 876 2511; x_wconf 81' lang='grc' dir='ltr'><em>μέρος</em></span> <span class='ocrx_word' id='word_1_351' title='bbox 900 2460 970 2507; x_wconf 81' lang='grc' dir='ltr'><strong>τῆς</strong></span> <span class='ocrx_word' id='word_1_352' title='bbox 990 2458 1228 2507; x_wconf 69' lang='grc' dir='ltr'><strong><em>καταδίκης,</em></strong></span> <span class='ocrx_word' id='word_1_353' title='bbox 1259 2453 1305 2496; x_wconf 78' lang='grc' dir='ltr'><strong>τὸ</strong></span> <span class='ocrx_word' id='word_1_354' title='bbox 1324 2454 1539 2507; x_wconf 71' lang='grc' dir='ltr'><strong><em>ἐπιθυμεῖν</em></strong></span> 
     </span>
     <span class='ocr_line' id='line_1_41' title="bbox 77 2514 1039 2581; baseline -0.025 -9"><span class='ocrx_word' id='word_1_355' title='bbox 77 2534 185 2571; x_wconf 85' lang='grc' dir='ltr'><em>πιεῖν</em></span> <span class='ocrx_word' id='word_1_356' title='bbox 202 2527 325 2581; x_wconf 77' lang='grc' dir='ltr'>μηδὲν</span> <span class='ocrx_word' id='word_1_357' title='bbox 346 2519 554 2575; x_wconf 78' lang='grc' dir='ltr'><em>δεόμενον,</em></span> <span class='ocrx_word' id='word_1_358' title='bbox 587 2517 836 2557; x_wconf 84' lang='lat' dir='ltr'><strong>desumtum.</strong></span> <span class='ocrx_word' id='word_1_359' title='bbox 883 2514 1039 2553; x_wconf 73' lang='lat' dir='ltr'><strong>Lmrm,</strong></span> 
     </span>
    </p>

    <p class='ocr_par' dir='ltr' id='par_1_4' title="bbox 79 2566 1541 2808">
     <span class='ocr_line' id='line_1_42' title="bbox 190 2566 1539 2629; baseline -0.016 -5"><span class='ocrx_word' id='word_1_360' title='bbox 190 2583 293 2624; x_wconf 83' lang='lat' dir='ltr'><strong>Eacl.</strong></span> <span class='ocrx_word' id='word_1_361' title='bbox 313 2583 340 2621; x_wconf 92' lang='lat' dir='ltr'><strong>l.</strong></span> <span class='ocrx_word' id='word_1_362' title='bbox 363 2585 400 2623; x_wconf 80' lang='lat'><strong>3.</strong></span> <span class='ocrx_word' id='word_1_363' title='bbox 436 2576 513 2628; x_wconf 75' lang='grc' dir='ltr'><strong>Μὴ</strong></span> <span class='ocrx_word' id='word_1_364' title='bbox 529 2576 768 2629; x_wconf 75' lang='grc' dir='ltr'><strong><em>περιπίπτῃς</em></strong></span> <span class='ocrx_word' id='word_1_365' title='bbox 787 2568 957 2624; x_wconf 74' lang='grc' dir='ltr'>σεαυτῷ)</span> <span class='ocrx_word' id='word_1_366' title='bbox 985 2567 1027 2605; x_wconf 89' lang='lat' dir='ltr'>N</span> <span class='ocrx_word' id='word_1_367' title='bbox 1033 2581 1086 2606; x_wconf 87' lang='lat' dir='ltr'><strong>on</strong></span> <span class='ocrx_word' id='word_1_368' title='bbox 1107 2576 1184 2612; x_wconf 88' lang='lat' dir='ltr'><strong>est,</strong></span> <span class='ocrx_word' id='word_1_369' title='bbox 1215 2583 1261 2605; x_wconf 85' lang='lat' dir='ltr'><strong>ne</strong></span> <span class='ocrx_word' id='word_1_370' title='bbox 1279 2566 1352 2606; x_wconf 74' lang='lat' dir='ltr'><strong>tibi</strong></span> <span class='ocrx_word' id='word_1_371' title='bbox 1371 2576 1539 2606; x_wconf 82' lang='lat' dir='ltr'><strong>contra—-</strong></span> 
     </span>
     <span class='ocr_line' id='line_1_43' title="bbox 80 2623 1541 2688; baseline -0.018 -7"><span class='ocrx_word' id='word_1_372' title='bbox 80 2640 212 2688; x_wconf 65' lang='lat' dir='ltr'><strong>dicas,</strong></span> <span class='ocrx_word' id='word_1_373' title='bbox 243 2649 291 2677; x_wconf 86' lang='lat' dir='ltr'><strong>ut</strong></span> <span class='ocrx_word' id='word_1_374' title='bbox 306 2634 564 2683; x_wconf 71' lang='lat' dir='ltr'><strong>Benedictu35</strong></span> <span class='ocrx_word' id='word_1_375' title='bbox 595 2629 681 2679; x_wconf 84' lang='lat' dir='ltr'><strong>sed,</strong></span> <span class='ocrx_word' id='word_1_376' title='bbox 715 2642 808 2667; x_wconf 89' lang='lat' dir='ltr'><strong>cum</strong></span> <span class='ocrx_word' id='word_1_377' title='bbox 829 2628 1008 2663; x_wconf 83' lang='lat' dir='ltr'><strong>multum</strong></span> <span class='ocrx_word' id='word_1_378' title='bbox 1032 2623 1343 2672; x_wconf 82' lang='lat' dir='ltr'><strong>circumiveris‚</strong></span> <span class='ocrx_word' id='word_1_379' title='bbox 1377 2632 1418 2662; x_wconf 85' lang='lat' dir='ltr'><strong>te</strong></span> <span class='ocrx_word' id='word_1_380' title='bbox 1438 2624 1541 2660; x_wconf 85' lang='lat' dir='ltr'><strong>vel...</strong></span> 
     </span>
     <span class='ocr_line' id='line_1_44' title="bbox 79 2677 1536 2750; baseline -0.014 -14"><span class='ocrx_word' id='word_1_381' title='bbox 79 2697 148 2736; x_wconf 89' lang='lat' dir='ltr'><strong>uti</strong></span> <span class='ocrx_word' id='word_1_382' title='bbox 177 2695 368 2750; x_wconf 85' lang='lat' dir='ltr'><strong>fugiens,</strong></span> <span class='ocrx_word' id='word_1_383' title='bbox 410 2693 453 2730; x_wconf 89' lang='lat' dir='ltr'><strong>in</strong></span> <span class='ocrx_word' id='word_1_384' title='bbox 483 2700 524 2728; x_wconf 88' lang='lat' dir='ltr'><strong>te</strong></span> <span class='ocrx_word' id='word_1_385' title='bbox 550 2689 641 2740; x_wconf 86' lang='lat' dir='ltr'><strong>ipse</strong></span> <span class='ocrx_word' id='word_1_386' title='bbox 669 2683 846 2723; x_wconf 82' lang='lat' dir='ltr'><strong>incidas.</strong></span> <span class='ocrx_word' id='word_1_387' title='bbox 893 2680 1030 2719; x_wconf 65' lang='lat' dir='ltr'><strong>cmm.</strong></span> <span class='ocrx_word' id='word_1_388' title='bbox 1088 2679 1272 2719; x_wconf 75' lang='lat' dir='ltr'><strong>Budaeus</strong></span> <span class='ocrx_word' id='word_1_389' title='bbox 1305 2679 1352 2718; x_wconf 86' lang='lat' dir='ltr'><strong>C.</strong></span> <span class='ocrx_word' id='word_1_390' title='bbox 1394 2679 1445 2716; x_wconf 94' lang='lat' dir='ltr'><strong>L.</strong></span> <span class='ocrx_word' id='word_1_391' title='bbox 1482 2677 1536 2716; x_wconf 83' lang='lat' dir='ltr'><strong>G.</strong></span> 
     </span>
     <span class='ocr_line' id='line_1_45' title="bbox 80 2736 1533 2808; baseline -0.015 -15"><span class='ocrx_word' id='word_1_392' title='bbox 80 2768 124 2808; x_wconf 78' lang='lat'><strong>1).</strong></span> <span class='ocrx_word' id='word_1_393' title='bbox 143 2756 239 2797; x_wconf 71' lang='lat'><strong>431.</strong></span> <span class='ocrx_word' id='word_1_394' title='bbox 257 2748 410 2805; x_wconf 80' lang='lat' dir='ltr'><strong>positis</strong></span> <span class='ocrx_word' id='word_1_395' title='bbox 431 2747 608 2788; x_wconf 81' lang='lat' dir='ltr'><strong>Luciani</strong></span> <span class='ocrx_word' id='word_1_396' title='bbox 633 2741 773 2785; x_wconf 76' lang='lat' dir='ltr'><strong>verbis</strong></span> <span class='ocrx_word' id='word_1_397' title='bbox 802 2737 945 2789; x_wconf 80' lang='lat' dir='ltr'><strong>addit,</strong></span> <span class='ocrx_word' id='word_1_398' title='bbox 976 2736 1195 2778; x_wconf 80' lang='lat' dir='ltr'><strong>revolvatur</strong></span> <span class='ocrx_word' id='word_1_399' title='bbox 1219 2747 1256 2776; x_wconf 67' lang='lat' dir='ltr'><strong>et</strong></span> <span class='ocrx_word' id='word_1_400' title='bbox 1277 2737 1533 2788; x_wconf 46' lang='lat' dir='ltr'><strong>circumage-a</strong></span> 
     </span>
    </p>
   </div>
  </div>
 </body>
</html>
