1741 3085
214 185 315 233 584
567 196 1312 230 ΑυΝοΤΑτῑοΝεε

216 295 378 336 ,Nudum
409 293 543 334 drcum
569 293 733 343 habens,
765 304 799 332 ct
826 293 880 333 ad
909 308 1063 333 nervum
1090 295 1265 347 sagittas.
1338 292 1511 333 Veteres
1544 293 1658 334 enim

218 351 361 390 thecas
380 351 603 399 habebant,
636 350 679 387 in
705 349 874 404 quibus,
901 359 950 388 ut
971 363 1080 388 arma
1101 360 1235 389 cetera
1250 381 1260 401 ‚
1292 348 1535 389 reconditos
1555 364 1660 402 quo-

221 421 303 460 que
325 405 678 445 circumferebant
700 419 840 456 arcus,
872 420 926 445 ne
950 405 1058 445 coeli
1078 405 1236 458 injuria
1253 405 1530 446 violarentur.
1569 407 1658 450 Eos

218 462 524 515 expediebant,
558 476 650 501 cum
672 477 735 502 res
757 462 957 517 exigeret.
994 462 1172 503 GRAEV.

333 539 436 579 Ibid.
471 540 662 594 Γυμνὸν)
691 540 743 580 Id
770 551 855 588 est,
889 550 1005 580 extra
1024 540 1187 580 thecam
1218 544 1315 588 est}
1344 549 1555 594 promtum
1583 547 1660 580 est.

221 597 389 636 Gumr.
452 596 651 635 Solebam
677 597 789 636 enim
808 606 967 637 veteres
986 611 1102 635 arcus
1125 597 1415 650 integumento
1448 596 1563 635 domi
1599 595 1663 650 in-⁴

220 655 418 701 volutos,
451 667 504 692 ne
537 662 926 704 corrumperentur,
960 652 1191 692 adservare.
1254 652 1350 692 Vid.
1382 652 1465 693 Od.
1491 657 1541 693 A.
1567 656 1663 696 606.

224 721 309 761 quo
333 707 445 746 haud
467 707 595 746 dubie
620 709 809 761 respicit.
843 709 1009 749 SOLAN.
1070 710 1219 748 Paullo
1243 708 1421 747 inferius
1438 710 1666 748 formulam

223 762 466 802 obtestandi
488 762 588 814 πρὸς
615 769 685 805 τοῦ
703 769 778 804 σοῦ
795 763 1046 817 “Ἠρακλεόυς
1063 765 1310 816 interpretes
1340 764 1519 810 Latini,
1559 776 1666 816 quos

222 819 346 858 etiam
377 819 619 859 Wielandius
636 830 678 859 et
704 821 906 860 Bremerus
937 822 1071 859 secuti
1092 830 1203 869 sunt,
1237 821 1344 859 falso
1366 820 1670 860 intellexerunt

221 875 269 913 in
291 874 406 912 hunc
423 874 616 915 modum:
644 893 713 930 per
734 887 838 914 {uum
857 876 967 915 illum
990 875 1224 916 Herculem!
1254 876 1322 931 bey
1342 875 1487 915 cleinem
1504 874 1672 923 Herba-,-

221 930 306 969 ch!
337 930 450 982 quod
471 930 571 984 quid
599 931 878 983 sit,equidem
892 935 1016 984 plane
1038 946 1124 970 non
1144 932 1291 984 capi03
1325 944 1573 986 quamquam
1597 944 1670 983 pet

223 986 525 1024 Grammaticas
544 988 731 1026 rationes
752 987 811 1024 sic
841 988 949 1026 verti
979 987 1168 1039 potuisse
1200 986 1437 1027 concedam.
1498 986 1671 1026 Scilicet

221 1044 295 1083 τοῦ
315 1046 390 1082 σοῦ
411 1055 495 1080 non
523 1052 586 1081 est
605 1040 697 1084 ab&
726 1041 817 1092 σὸς,
850 1042 922 1082 sed
945 1043 995 1081 ab
1024 1039 1044 1084 ὁ
1084 1041 1130 1085 σὺ
1164 1041 1463 1089 derivandum;
1507 1041 1573 1081 ille
1602 1052 1668 1090 tu,

225 1095 277 1135 de
298 1111 381 1150 quo
411 1096 537 1136 modo
569 1098 754 1146 dictum,
797 1107 840 1136 et
871 1097 1173 1152 intelligendus
1197 1098 1269 1137 ille
1288 1098 1512 1146 Hercules,
1548 1100 1673 1150 quem

221 1152 353 1192 m‘odo
374 1154 596 1206 Diogenes
615 1158 734 1193 velut
764 1152 942 1208 effigiem
980 1157 1092 1206 ejus,
1133 1154 1306 1208 quicum
1335 1155 1672 1206 colloqueretur,

223 1208 269 1246 in
292 1211 412 1247 coelo
438 1209 587 1248 Heben
608 1210 652 1247 in
676 1209 992 1249 matrimonium
1022 1209 1192 1248 duxisse
1222 1209 1516 1251 declaraverat.
1572 1208 1673 1248 Vim

223 1263 429 1302 comicam
450 1264 583 1318 igitur
600 1275 717 1318 patet
735 1266 780 1304 in
805 1279 855 1304 eo
876 1279 964 1304 esse
978 1297 988 1314 ,
1022 1265 1135 1318 quod
1154 1265 1372 1320 Diogenes
1391 1278 1467 1317 per
1486 1278 1579 1304 eum
1600 1267 1672 1316 ju-

223 1327 315 1369 rat,
348 1320 422 1372 qui
446 1329 486 1359 et
512 1320 650 1370 adest,
685 1330 726 1360 et
744 1335 831 1360 non
857 1320 998 1372 adest,
1030 1330 1071 1359 et
1096 1320 1211 1373 quod
1234 1323 1345 1373 jurat
1366 1333 1438 1373 per
1468 1319 1671 1370 eundem,

227 1387 352 1426 quem
377 1384 598 1428 rogaturus
622 1385 694 1418 est.
757 1376 980 1429 Adponam
997 1376 1130 1415 Belini
1163 1376 1422 1420 versionem.
1455 1388 1560 1428 quae
1588 1389 1674 1414 cer-

222 1437 267 1467 te
295 1429 562 1481 aliquatenus
583 1441 762 1470 mentem
783 1431 997 1484 Diogenis
1020 1431 1225 1471 reddidit:
1260 1430 1503 1484 Οσροηᾶαητ,
1539 1431 1599 1470 dis
1615 1452 1672 1464 -ι

225 1487 319 1533 moi,
334 1488 374 1537 je
393 1488 419 1521 t’
435 1502 479 1523 etz
495 1486 644 1539 supplic
662 1503 738 1538 par
761 1497 817 1526 cet
836 1486 1006 1526 I‘Iercule
1029 1486 1122 1525 dont
1145 1498 1186 1525 iu
1207 1489 1243 1524 n'
1269 1503 1305 1525 es
1323 1504 1394 1542 que
1414 1487 1574 1526 Z'ombre
1594 1495 1674 1527 etc.

226 1539 542 1580 D'Ablancourt
574 1551 615 1580 et
647 1541 689 1582 h.
715 1546 768 1591 1.‚
813 1551 858 1579 ut
889 1542 1074 1588 solebat,
1116 1542 1339 1580 Lucianum
1369 1556 1490 1580 suum
1521 1541 1672 1589 finxit,

227 1608 317 1633 non
350 1595 549 1637 reddidit.
619 1598 688 1637 De
723 1597 1004 1636 Grammatica
1043 1599 1155 1650 lege,
1187 1612 1237 1635 ex
1263 1611 1342 1649 qua
1372 1597 1475 1635 haec
1504 1596 1678 1636 dicendi

226 1650 339 1689 :ratio
361 1651 613 1703 pensitanda
641 1662 723 1700 est,
758 1652 954 1690 adcurate
983 1662 1160 1707 egerunt
1189 1653 1389 1691 Matthiae
1419 1654 1462 1690 in
1495 1653 1568 1692 Gr.
1600 1653 1673 1693 Gr.

228 1719 272 1758 p.
296 1711 398 1749 372⁴
421 1716 463 1745 et
482 1707 676 1759 inprimis
700 1707 983 1748 Stallbaumius
1004 1706 1055 1745 ad
1086 1707 1242 1747 Platon.
1274 1707 1438 1747 Phileb.
1463 1723 1504 1761 p.
1524 1712 1591 1751 44.
1612 1722 1676 1762 sq.

229 1761 304 1815 qui
337 1771 501 1813 praeter
535 1763 617 1801 alia
651 1764 775 1803 etiam
812 1767 950 1802 locum
987 1778 1039 1803 ex
1070 1763 1205 1802 nostri
1236 1763 1454 1815 scriptoris
1484 1765 1677 1806 Hermot.

227 1829 269 1857 c.
295 1821 358 1861 15.
383 1819 540 1859 attulit.
599 1821 697 1859 Hoc
716 1830 854 1858 tamen
877 1833 1052 1871 moneo,
1084 1819 1210 1856 nimis
1231 1818 1280 1857 ab
1313 1818 1394 1858 hoc
1428 1819 1554 1858 docto
1577 1820 1680 1858 ami-

184 1909 186 1911 .
230 1885 283 1910 co
305 1887 390 1911 non
418 1874 555 1913 minus
571 1906 580 1924 ,
616 1869 816 1928 quam-ab
837 1875 913 1925 iis,
948 1889 1054 1928 quos
1076 1874 1244 1924 laudat,
1288 1875 1580 1914 Grammaticis
1600 1879 1679 1915 've-

228 1927 394 1967 teribus
430 1931 628 1985 restringi
680 1934 884 1985 regulam,
937 1945 1062 1983 quum
1104 1929 1155 1968 ad
1193 1933 1329 1969 solum
1378 1930 1679 1971 Accusativum

230 1984 538 2024 Pronominum
583 1987 869 2038 personalium
909 1996 1140 2027 revocetur.
1211 1986 1379 2040 Quidni
1417 1986 1528 2025 enim
1572 1995 1680 2027 cete-

231 2038 289 2077 ris
321 2053 489 2094 quoque
527 2042 693 2080 casibus
733 2042 952 2082 Articulus
979 2041 1217 2094 praemitti,
1259 2056 1305 2080 ac
1344 2041 1429 2081 dici
1467 2055 1546 2082 suo
1578 2046 1676 2083 loco

231 2106 367 2146 aeque
388 2105 500 2136 recte
522 2097 679 2149 possit:
709 2095 731 2139 ὅ
750 2096 848 2152 ἐγώ,
879 2103 954 2139 τοῦ
974 2099 1094 2150 ἐμοῦ,
1124 2102 1182 2154 τῷ
1205 2099 1310 2151 ἐμοὶ,
1342 2112 1389 2136 ac
1411 2095 1479 2139 τὸν
1502 2098 1579 2151 ἐμὲ,
1607 2097 1679 2141 τὸν

231 2150 277 2190 σὲ
301 2159 381 2189 etc.
397 2149 419 2188 ἵ)
479 2152 602 2192 Certe
625 2154 669 2191 in
692 2167 736 2193 re
755 2154 848 2205 ipsa
867 2153 979 2192 nihil
999 2163 1076 2203 est,
1110 2153 1224 2207 quod
1247 2152 1289 2191 id
1310 2153 1526 2207 impediat.
1566 2154 1678 2194 Usus

231 2213 399 2243 tantum
422 2216 655 2247 ceterorum
679 2223 851 2247 casuum
871 2209 1004 2248 rarior
1034 2210 1338 2248 Grammaticos
1365 2219 1524 2248 veteres
1545 2209 1681 2248 addu-

234 2259 350 2299 xisse
382 2261 575 2314 videtur,
606 2273 655 2303 ut
674 2267 787 2318 justo
811 2265 1010 2303 arctiores
1031 2265 1117 2318 legi
1151 2265 1223 2303 isti
1247 2264 1348 2304 fines
1379 2264 1697 2307 describerent.'

234 2312 390 2354 Verum
415 2317 466 2356 de
486 2319 691 2360 Genitivo
708 2319 779 2359 hic
799 2320 972 2361 Luciam*
996 2323 1116 2359 locus
1145 2323 1408 2360 luculentum
1436 2319 1680 2375 suppeditat

235 2374 488 2423 exemplum,
516 2375 676 2417 LEHM,

346 2437 446 2478 Ead.
473 2443 499 2479 l·
522 2446 560 2485 6.
595 2441 732 2498 Παρὰ)
765 2443 818 2483 O.
836 2444 870 2483 F
872 2446 899 2486 1.
921 2442 960 2484 J.
985 2452 1028 2483 et
1052 2442 1114 2484 W.
1134 2453 1271 2485 recte:
1302 2443 1348 2484 in
1366 2442 1542 2498 reliquis
1565 2457 1680 2484 men-

236 2487 340 2531 dose
361 2497 465 2548 ⁷⁵,f<³¹3·
495 2497 661 2538 Sonus.
763 2527 766 2530 -

232 2559 447 2655 Βοωέζιῖῐ.
481 2566 509 2602 1.
545 2569 610 2608 10.
646 2565 984 2622 Ἐρεσχελοῦντα)
1025 2570 1360 2620 Φιλονεικοῦντα,
1408 2571 1679 2624 φλυαροῦντα.“

342 2682 443 2737 Pag·
469 2687 561 2729 204.
582 2687 610 2725 l·
635 2691 675 2733 1.
701 2686 804 2732 ‘Tm'
823 2687 1123 2747 Ἀμφιτρύωνι)
1152 2690 1207 2732 Ο.
1227 2688 1380 2731 Codici
1403 2706 1491 2733 non
1511 2694 1680 2733 auscul-
