1741 3132
351 168 421 198 1N
456 167 775 198 DtALOGos
812 169 1212 201 monroonvuii.
1419 158 1515 204 507

53 264 226 320 propria
245 263 333 303 loci
357 263 495 302 nostri
517 273 666 302 natura
683 282 694 304 .·
727 274 828 304 nota
853 265 973 319 quasi
997 265 1339 306 characteristica
1364 267 1512 320 Scipio

52 323 124 361 hic
147 320 355 375 distingui
371 323 464 358 vult
489 319 540 358 ab
564 321 659 358 aliis
678 334 777 359 suae
799 322 937 375 gentis
959 332 1001 361 et
1026 323 1214 361 familiae
1238 321 1511 378 ejusdemque

49 377 236 418 nominis
280 376 523 415 clarissimis
565 376 742 414 ducibus
778 376 902 417 belli:
946 392 1075 431 quare
1108 378 1159 417 ad
1192 379 1320 418 nimis
1351 392 1506 434 vagum

50 449 204 473 nomeu
224 430 439 486 στρατηγὸς
459 431 680 471 definitius
703 431 824 472 addit
848 430 870 476 ὁ
893 432 1077 476 καθελών
1097 432 1361 489 Καρχηδόνα,
1393 450 1504 489 quae

48 489 151 546 quid
170 492 253 543 jam
287 488 402 527 aliud
425 487 665 541 significare
694 500 896 541 possunt,
930 505 1052 545 quam
1083 491 1356 545 Carthaginis
1385 491 1504 531 urbis

46 545 314 586 eversorem?
347 545 377 585 i.
399 558 432 586 e.
456 545 677 598 Scipionem
695 546 943 600 Asi-iconum
965 550 1165 588 minorem.
1223 549 1378 598 Nemo,
1410 549 1503 600 opi-

48 617 149 652 nor,
183 603 257 655 qui
283 604 349 640 vel
378 600 583 640 mediocri
609 611 696 640 tum
719 601 927 642 historiae
943 603 1185 653 Romanae,
1220 613 1308 642 tum
1329 605 1503 657 linguae

49 659 234 698 Graecae
254 657 407 711 peritia
429 655 618 695 imbutus
639 659 719 707 sit,
749 657 875 697 etiam
907 660 1059 710 facile,
1094 673 1217 712 quam
1253 659 1386 706 banc,
1419 660 1504 698 sibi

45 713 255 768 cogitabit
276 726 522 766 personam;
554 722 596 752 et
624 713 660 752 si
693 715 806 753 forte
839 716 1024 769 cogitet,
1064 715 1356 769 ambiguitatis
1391 726 1502 755 certe

46 770 220 810 dicendi
238 773 431 822 culpam,
461 782 566 824 quae
599 769 726 810 facile
751 771 877 809 vitari
904 774 1074 824 potuit,
1113 771 1150 809 si
1176 770 1294 810 aliud
1327 771 1501 810 verbum

42 826 292 880 eligebatur,
325 826 369 863 in
393 835 608 864 auctorem
629 826 768 878 ipsum
792 827 1019 868 conferam.
1078 827 1217 881 Atqui
1244 826 1359 866 nihil
1381 826 1500 867 vide·

42 893 112 922 tur
136 882 288 920 clarius
311 895 422 930 esse,
460 895 581 934 quam
608 896 713 935 quae
733 896 913 935 persona
933 884 1110 925 Luciani
1134 883 1268 923 menti
1303 883 1498 922 obversa-

43 947 84 977 ta
106 938 260 977 fuerit:
307 947 349 975 et
378 948 518 976 tamen
549 937 664 976 hunc
690 940 905 978 R‘linorem
937 940 1186 979 Africanum
1214 938 1499 980 adversarium

38 994 145 1033 facit
166 993 442 1043 Hannibalis,
475 993 588 1047 quod
612 994 656 1031 in
673 995 884 1046 Majorem
910 995 1057 1035 cadere
1089 1005 1271 1036 constat.
1331 995 1497 1036 Confu-

36 1049 101 1089 dit
123 1050 256 1103 igitur
278 1050 420 1088 Noster
439 1049 664 1088 manifesto
695 1049 779 1089 duo
810 1050 1039 1090 Africanos
1070 1051 1321 1104 Scipiones,
1363 1064 1494 1089 unum
1545 1066 1550 1070 ’

37 1121 60 1145 e
84 1105 249 1143 dnobus
271 1104 495 1143 faciendo:
530 1105 573 1143 in
596 1119 718 1157 quem
743 1120 926 1145 errorem
957 1108 1085 1150 etiam
1110 1108 1220 1147 alios
1248 1122 1337 1147 non
1362 1106 1497 1146 indo-

34 1161 242 1201 ctissimos
263 1160 458 1200 homines
483 1160 683 1200 incidisse
706 1162 892 1201 memini.
925 1164 1084 1202 me.

144 1218 248 1258 Eacl,
273 1220 300 1258 l.
327 1223 390 1262 13.
426 1210 583 1267 Οὗτος)
616 1216 917 1269 Commodius,
949 1234 1040 1259 mea
1062 1218 1234 1274 quidem
1261 1220 1487 1270 sententia,

28 1277 243 1330 legeretur
265 1271 405 1322 οὕτως.
438 1272 511 1312 sed
530 1273 631 1312 libri
655 1287 800 1313 omnes
820 1275 954 1314 aliter.
989 1275 1153 1318 SOLAN.
1196 1274 1340 1316 Possis
1361 1275 1489 1316 ctiam

31 1329 83 1370 de
104 1326 228 1378 αὐτὸς
249 1329 459 1383 cogitare:
491 1330 562 1369 sed
582 1329 683 1368 libri
710 1344 855 1368 omnes
877 1331 1012 1371 ali-ter.
1042 1333 1200 1372 11th.

143 1387 240 1439 Pag.
263 1391 357 1430 188·
387 1388 416 1424 l·
438 1389 478 1429 8.
511 1387 590 1428 Καὶ
609 1383 752 1439 ἡμεῖς)
785 1387 867 1428 Καὶ
889 1402 942 1426 ex
963 1388 1050 1427 Ms.
1069 1388 1152 1430 Ox.
1186 1389 1358 1430 Somzv.

141 1441 244 1481 Earl.
267 1445 294 1483 1.
321 1444 385 1485 15.
404 1438 590 1494 ’ὈμοιοΟ
621 1442 836 1495 Quorsum
854 1443 1069 1496 pertineat
1085 1473 1095 1493 ,
1140 1459 1280 1498 quove
1304 1445 1490 1485 referen⁴

29 1498 127 1551 dum
150 1499 232 1548 sit,
267 1506 475 1551 exputare
503 1512 697 1553 nequeo:
737 1512 834 1536 nam
865 1512 974 1551 quae
1002 1499 1183 1551 similia,
1223 1510 1297 1540 aut
1331 1502 1489 1555 quibus

30 1565 128 1594 ante
174 1554 376 1604 narratis,
417 1553 468 1593 de
495 1553 753 1607 Olympiade
783 1554 1064 1595 ferebantur?
1103 1557 1393 1610 experiamur,
1434 1573 1490 1597 an

29 1611 232 1651 minimae
273 1609 526 1649 mutationis
571 1610 777 1649 beneficio
816 1624 964 1649 sensus
1003 1611 1492 1653 verborum'enitescere

32 1677 186 1721 queat:
217 1668 287 1707 καὶ
310 1665 389 1719 μὴν
405 1667 473 1707 καὶ
493 1667 582 1718 περὶ
607 1671 678 1719 τῆς
702 1662 983 1718 Ὀλυμπιάδος
1012 1663 1134 1709 ὁποῖα
1166 1671 1363 1722 ἐλέγοντος
1395 1667 1489 1723 doti·

31 1740 152 1765 κοντα
175 1719 321 1775 ὁμιλεῖν
345 1718 459 1777 αὐτῇ·
473 1731 551 1763 etc.
583 1733 624 1760 at
644 1737 732 1761 υενο
751 1721 799 1760 de
822 1721 1054 1776 Olympiade
1073 1724 1492 1781 qualia-serebantur?

31 1780 245 1819 draconem
265 1794 353 1818 crem
370 1794 416 1817 ea
432 1793 697 1818 consuescere:
728 1778 848 1828 haec,
881 1788 1004 1831 puto,
1040 1782 1305 1821 conveniunt
1324 1781 1490 1835 Dioge-

30 1837 99 1875 nis
120 1834 443 1874 admirationem
463 1833 694 1873 irrisoriam
712 1833 915 1888 fingentis
934 1848 1154 1888 personae.
1209 1835 1383 1886 ’Ὀποῖος
1411 1852 1490 1877 au-

30 1902 132 1942 tem,
146 1896 262 1940 ποῖος
285 1900 327 1930 et
348 1888 434 1939 οἷος
451 1890 696 1945 frequenter
716 1889 898 1929 similem
921 1904 1045 1930 usum
1065 1891 1219 1933 habere
1242 1901 1390 1932 notum
1411 1902 1486 1936 est.

4 1948 9 1950 “
29 1949 149 1987 Dial.
193 1948 329 1987 Mort.
370 1946 515 1986 XXII.
568 1941 749 2000 ἀγνοεῖς,
798 1943 942 1988 ὁποῖον
987 1946 1116 2002 ἄνδρα
1148 1947 1487 2002 διεπόρθμευσας,

27 2003 206 2058 Magnis
231 2002 334 2044 viris
356 2001 468 2054 apud
489 2001 691 2055 antiquos
715 2012 758 2040 et
791 2001 1065 2043 fortitudinis
1095 2004 1365 2045 admirandae
1384 2008 1488 2044 lau-

32 2061 84 2100 de
103 2058 477 2114 praestantissimis
495 2058 569 2096 illa
601 2058 828 2112 singularis
861 2057 1040 2098 honoris
1071 2061 1369 2115 praerogativa
1399 2062 1488 2103 fuit

31 2115 270 2166 adtributa,
301 2125 350 2153 ut
376 2114 605 2153 draconum
620 2145 632 2164 ‚
665 2124 793 2166 atque
812 2113 917 2154 adeo
938 2116 1132 2155 Deorum
1155 2116 1230 2168 (hi
1258 2116 1371 2156 enim
1393 2120 1488 2156 nul-

30 2173 115 2212 lius
137 2185 271 2224 aeque
295 2170 489 2209 animalis
511 2170 652 2222 specie
673 2171 800 2210 celari
819 2169 1087 2224 gaudebant)
1108 2172 1189 2212 filii
1215 2171 1487 2225 perhiberen-

33 2239 128 2267 tur:
160 2241 212 2265 ex
234 2227 312 2265 tali
334 2225 568 2265 concubitu
589 2239 721 2280 genus
762 2235 854 2264 orta
877 2224 1153 2283 Ὀφιογενέξ,
1184 2237 1293 2268 teste
1313 2228 1488 2270 Aeliano

35 2285 89 2323 de
119 2283 262 2322 Anim.
293 2282 406 2331 XII,
438 2286 505 2326 39.
565 2283 636 2321 De
670 2282 867 2336 Augusto
898 2282 1005 2336 quid
1032 2284 1233 2324 mandare
1259 2286 1487 2324 memoriae

35 2339 287 2379 sustinuerit
305 2337 578 2390 Asclepiades
596 2336 875 2389 Mendesius,
906 2342 977 2380 vel
1007 2341 1119 2382 inter
1149 2341 1390 2395 Aegyptios
1407 2340 1486 2381 ho-

37 2410 108 2436 mo
134 2395 467 2449 nugacissimus»,
507 2393 709 2434 traditum
741 2408 764 2432 a
793 2394 951 2436 Sueton.
982 2411 1017 2435 c.
1040 2401 1109 2440 94.
1167 2397 1249 2438 Sed
1274 2399 1488 2450 exempla,

36 2465 144 2504 quae
165 2464 317 2505 magno
341 2459 443 2489 sunt
466 2464 669 2500 numero,
703 2464 931 2504 congerere
948 2452 1059 2492 nihil
1081 2451 1257 2495 adtinet.
1304 2454 1488 2492 Alexan.

39 2507 104 2545 dri
126 2517 243 2546 ortus
265 2520 390 2560 quam
407 2506 524 2546 varie
548 2505 682 2546 fuerit
704 2519 724 2544 a
748 2507 1027 2560 scriptoribus
1047 2510 1290 2563 expositus,
1322 2519 1489 2550 enarrat

42 2562 280 2604 Plutarchus
311 2562 357 2601 in
394 2562 526 2602 initio
556 2563 673 2602 vitae
706 2564 822 2614 ejus:
853 2564 1057 2618 quosdam
1087 2580 1186 2606 sane
1215 2580 1304 2606 non
1332 2566 1490 2619 puduit

39 2617 287 2670 Philippum
306 2617 478 2658 infandi
500 2618 757 2658 concubitus
774 2630 1054 2672 spectatorem
1073 2623 1220 2676 agenti
1253 2623 1380 2662 rimas
1416 2626 1486 2676 ja»¹

38 2686 150 2714 nuae
169 2672 416 2730 admovere,
446 2673 635 2731 ideoque
662 2684 764 2730 post
795 2674 988 2720 orbatum
1015 2682 1141 2723 oculo
1160 2681 1269 2722 male
1295 2679 1490 2731 curioso,
