<?xml version="1.0" encoding="UTF-8"?>
<!DOCTYPE html PUBLIC "-//W3C//DTD XHTML 1.0 Transitional//EN"
    "http://www.w3.org/TR/xhtml1/DTD/xhtml1-transitional.dtd">
<html xmlns="http://www.w3.org/1999/xhtml" xml:lang="en" lang="en">
 <head>
  <title>
</title>
<meta http-equiv="Content-Type" content="text/html;charset=utf-8" />
  <meta name='ocr-system' content='tesseract 3.04.00' />
  <meta name='ocr-capabilities' content='ocr_page ocr_carea ocr_par ocr_line ocrx_word'/>
</head>
<body>
  <div class='ocr_page' id='page_1' title='image "./operagraecaetlat02luciuoft_0258.png"; bbox 0 0 1741 3085; ppageno 0'>
   <div class='ocr_carea' id='block_1_1' title="bbox 149 491 276 533">
    <p class='ocr_par' dir='ltr' id='par_1_1' title="bbox 149 491 276 533">
     <span class='ocr_line' id='line_1_1' title="bbox 149 491 276 533; baseline -0.016 0"><span class='ocrx_word' id='word_1_1' title='bbox 149 499 183 533; x_wconf 84' lang='lat' dir='ltr'>P·</span> <span class='ocrx_word' id='word_1_2' title='bbox 197 491 276 531; x_wconf 78' lang='lat'><strong>448·</strong></span> 
     </span>
    </p>
   </div>
   <div class='ocr_carea' id='block_1_2' title="bbox 288 187 388 234">
    <p class='ocr_par' dir='ltr' id='par_1_2' title="bbox 288 187 388 234">
     <span class='ocr_line' id='line_1_2' title="bbox 288 187 388 234; baseline 0 0"><span class='ocrx_word' id='word_1_3' title='bbox 288 187 388 234; x_wconf 72' lang='lat'>248</span> 
     </span>
    </p>
   </div>
   <div class='ocr_carea' id='block_1_3' title="bbox 765 199 1165 235">
    <p class='ocr_par' dir='ltr' id='par_1_3' title="bbox 765 199 1165 235">
     <span class='ocr_line' id='line_1_3' title="bbox 765 199 1165 235; baseline 0.013 -5"><span class='ocrx_word' id='word_1_4' title='bbox 765 199 1165 235; x_wconf 76' lang='lat' dir='ltr'>LU01AN1</span> 
     </span>
    </p>
   </div>
   <div class='ocr_carea' id='block_1_4' title="bbox 324 479 1619 613">
    <p class='ocr_par' dir='ltr' id='par_1_4' title="bbox 324 479 1619 613">
     <span class='ocr_line' id='line_1_4' title="bbox 865 479 1081 528; baseline 0.005 -1"><span class='ocrx_word' id='word_1_5' title='bbox 865 479 1009 528; x_wconf 91' lang='lat' dir='ltr'>XXI</span> <span class='ocrx_word' id='word_1_6' title='bbox 1071 518 1081 528; x_wconf 93' lang='lat'><strong><em>.</em></strong></span> 
     </span>
     <span class='ocr_line' id='line_1_5' title="bbox 324 482 1619 613; baseline 0.005 -6"><span class='ocrx_word' id='word_1_7' title='bbox 324 557 718 608; x_wconf 84' lang='grc' dir='ltr'><em>ΑῙΑΝΤΟΣ</em></span> <span class='ocrx_word' id='word_1_8' title='bbox 754 561 914 610; x_wconf 87' lang='lat' dir='ltr'>KAI</span> <span class='ocrx_word' id='word_1_9' title='bbox 948 482 1619 613; x_wconf 56' lang='grc' dir='ltr'><em>ΑΞΑΜΕΜΝΟΝΟΣ-</em></span> 
     </span>
    </p>
   </div>
   <div class='ocr_carea' id='block_1_5' title="bbox 285 664 1660 885">
    <p class='ocr_par' dir='ltr' id='par_1_5' title="bbox 285 664 1660 885">
     <span class='ocr_line' id='line_1_6' title="bbox 381 664 1659 713; baseline 0.005 -17"><span class='ocrx_word' id='word_1_10' title='bbox 381 664 528 708; x_wconf 81' lang='lat' dir='ltr'><strong><em>Argum.</em></strong></span> <span class='ocrx_word' id='word_1_11' title='bbox 575 665 861 709; x_wconf 82' lang='lat' dir='ltr'>Agamemnoni,</span> <span class='ocrx_word' id='word_1_12' title='bbox 897 668 1042 712; x_wconf 79' lang='lat' dir='ltr'>roganti</span> <span class='ocrx_word' id='word_1_13' title='bbox 1071 668 1235 710; x_wconf 78' lang='lat' dir='ltr'>Ajacem,</span> <span class='ocrx_word' id='word_1_14' title='bbox 1275 673 1316 700; x_wconf 88' lang='lat' dir='ltr'>ut</span> <span class='ocrx_word' id='word_1_15' title='bbox 1351 679 1436 701; x_wconf 88' lang='lat' dir='ltr'>cum</span> <span class='ocrx_word' id='word_1_16' title='bbox 1466 668 1594 713; x_wconf 82' lang='lat' dir='ltr'>Ulysse</span> <span class='ocrx_word' id='word_1_17' title='bbox 1618 669 1659 702; x_wconf 84' lang='lat' dir='ltr'>in</span> 
     </span>
     <span class='ocr_line' id='line_1_7' title="bbox 290 721 1660 770; baseline 0.004 -16"><span class='ocrx_word' id='word_1_18' title='bbox 290 721 448 765; x_wconf 76' lang='lat' dir='ltr'><strong>gratiam</strong></span> <span class='ocrx_word' id='word_1_19' title='bbox 475 721 620 763; x_wconf 83' lang='lat' dir='ltr'>redeat,</span> <span class='ocrx_word' id='word_1_20' title='bbox 646 723 807 756; x_wconf 79' lang='lat' dir='ltr'>ostendit</span> <span class='ocrx_word' id='word_1_21' title='bbox 826 724 934 767; x_wconf 79' lang='lat' dir='ltr'>Ajax,</span> <span class='ocrx_word' id='word_1_22' title='bbox 961 737 1034 770; x_wconf 83' lang='lat' dir='ltr'>quo</span> <span class='ocrx_word' id='word_1_23' title='bbox 1061 726 1140 768; x_wconf 86' lang='lat' dir='ltr'>jure</span> <span class='ocrx_word' id='word_1_24' title='bbox 1158 725 1267 759; x_wconf 77' lang='lat' dir='ltr'>illum</span> <span class='ocrx_word' id='word_1_25' title='bbox 1293 724 1434 768; x_wconf 79' lang='lat' dir='ltr'>oderit,</span> <span class='ocrx_word' id='word_1_26' title='bbox 1459 731 1495 759; x_wconf 88' lang='lat' dir='ltr'>et</span> <span class='ocrx_word' id='word_1_27' title='bbox 1518 725 1660 770; x_wconf 80' lang='lat' dir='ltr'><strong>signifi-</strong></span> 
     </span>
     <span class='ocr_line' id='line_1_8' title="bbox 289 779 1658 829; baseline 0.004 -18"><span class='ocrx_word' id='word_1_28' title='bbox 289 784 350 811; x_wconf 80' lang='lat' dir='ltr'>cat</span> <span class='ocrx_word' id='word_1_29' title='bbox 367 789 406 812; x_wconf 86' lang='lat' dir='ltr'>se</span> <span class='ocrx_word' id='word_1_30' title='bbox 424 779 576 813; x_wconf 83' lang='lat' dir='ltr'>omnino</span> <span class='ocrx_word' id='word_1_31' title='bbox 597 791 672 812; x_wconf 87' lang='lat' dir='ltr'>non</span> <span class='ocrx_word' id='word_1_32' title='bbox 691 792 816 824; x_wconf 86' lang='lat' dir='ltr'>posse,</span> <span class='ocrx_word' id='word_1_33' title='bbox 843 783 932 827; x_wconf 84' lang='lat' dir='ltr'><strong>quin</strong></span> <span class='ocrx_word' id='word_1_34' title='bbox 960 782 1045 816; x_wconf 84' lang='lat' dir='ltr'>odio</span> <span class='ocrx_word' id='word_1_35' title='bbox 1065 793 1149 816; x_wconf 86' lang='lat' dir='ltr'>eum</span> <span class='ocrx_word' id='word_1_36' title='bbox 1171 789 1424 829; x_wconf 77' lang='lat' dir='ltr'>persequatur.</span> <span class='ocrx_word' id='word_1_37' title='bbox 1447 783 1505 817; x_wconf 88' lang='lat' dir='ltr'>Cf.</span> <span class='ocrx_word' id='word_1_38' title='bbox 1527 784 1658 828; x_wconf 83' lang='lat' dir='ltr'><strong>Odyss.</strong></span> 
     </span>
     <span class='ocr_line' id='line_1_9' title="bbox 285 830 1028 885; baseline 0.007 -16"><span class='ocrx_word' id='word_1_39' title='bbox 285 830 334 879; x_wconf 75' lang='grc' dir='ltr'>λ’,</span> <span class='ocrx_word' id='word_1_40' title='bbox 359 844 439 881; x_wconf 79' lang='lat'>541.</span> <span class='ocrx_word' id='word_1_41' title='bbox 460 847 513 881; x_wconf 85' lang='lat' dir='ltr'>sq.</span> <span class='ocrx_word' id='word_1_42' title='bbox 536 841 573 870; x_wconf 83' lang='lat' dir='ltr'>et</span> <span class='ocrx_word' id='word_1_43' title='bbox 589 837 749 881; x_wconf 73' lang='lat' dir='ltr'>Sophocl.</span> <span class='ocrx_word' id='word_1_44' title='bbox 772 839 862 880; x_wconf 80' lang='lat' dir='ltr'>Ajax</span> <span class='ocrx_word' id='word_1_45' title='bbox 877 839 1028 885; x_wconf 78' lang='lat' dir='ltr'>Flagell.</span> 
     </span>
    </p>
   </div>
   <div class='ocr_carea' id='block_1_6' title="bbox 245 939 1663 1143">
    <p class='ocr_par' dir='ltr' id='par_1_6' title="bbox 245 939 1663 1143">
     <span class='ocr_line' id='line_1_10' title="bbox 245 939 1658 1011; baseline 0.006 -21"><span class='ocrx_word' id='word_1_46' title='bbox 245 951 266 990; x_wconf 86' lang='lat'><strong>1</strong></span> <span class='ocrx_word' id='word_1_47' title='bbox 293 954 472 992; x_wconf 89' lang='grc' dir='ltr'><em>ΑΓΛΜ.</em></span> <span class='ocrx_word' id='word_1_48' title='bbox 515 939 594 996; x_wconf 84' lang='grc' dir='ltr'>Εἰ</span> <span class='ocrx_word' id='word_1_49' title='bbox 614 951 662 992; x_wconf 81' lang='grc' dir='ltr'><strong>σύ</strong></span> <span class='ocrx_word' id='word_1_50' title='bbox 679 954 826 1005; x_wconf 80' lang='grc' dir='ltr'><em>μανεὶς,</em></span> <span class='ocrx_word' id='word_1_51' title='bbox 856 947 1013 1004; x_wconf 72' lang='grc' dir='ltr'><em>ὦΛῖαν,</em></span> <span class='ocrx_word' id='word_1_52' title='bbox 1045 955 1255 1011; x_wconf 53' lang='lat' dir='ltr'>ogau-cova)</span> <span class='ocrx_word' id='word_1_53' title='bbox 1285 955 1521 1008; x_wconf 78' lang='grc' dir='ltr'><strong><em>ἐφόνευσας,</em></strong></span> <span class='ocrx_word' id='word_1_54' title='bbox 1553 955 1658 1010; x_wconf 76' lang='grc' dir='ltr'><em>ε’μὲλ-</em></span> 
     </span>
     <span class='ocr_line' id='line_1_11' title="bbox 291 1013 1659 1079; baseline 0.006 -21"><span class='ocrx_word' id='word_1_55' title='bbox 291 1013 476 1069; x_wconf 51' lang='grc' dir='ltr'><em>λησαςῦ)</em></span> <span class='ocrx_word' id='word_1_56' title='bbox 507 1019 549 1060; x_wconf 77' lang='grc' dir='ltr'>δὲ</span> <span class='ocrx_word' id='word_1_57' title='bbox 579 1020 645 1060; x_wconf 82' lang='grc' dir='ltr'>καὶ</span> <span class='ocrx_word' id='word_1_58' title='bbox 675 1019 780 1073; x_wconf 72' lang='grc' dir='ltr'>ἡμᾶς</span> <span class='ocrx_word' id='word_1_59' title='bbox 811 1018 1008 1073; x_wconf 68' lang='grc' dir='ltr'><em>ἅπαντας,</em></span> <span class='ocrx_word' id='word_1_60' title='bbox 1042 1025 1078 1064; x_wconf 86' lang='grc' dir='ltr'><em>τί</em></span> <span class='ocrx_word' id='word_1_61' title='bbox 1109 1025 1216 1079; x_wconf 70' lang='grc' dir='ltr'><em>αἰτιᾷ</em></span> <span class='ocrx_word' id='word_1_62' title='bbox 1245 1021 1314 1065; x_wconf 80' lang='grc' dir='ltr'>τὸν</span> <span class='ocrx_word' id='word_1_63' title='bbox 1339 1021 1560 1074; x_wconf 69' lang='grc' dir='ltr'><em>Ὀδυσσέας</em></span> <span class='ocrx_word' id='word_1_64' title='bbox 1591 1025 1659 1066; x_wconf 83' lang='grc' dir='ltr'>καὶ</span> 
     </span>
     <span class='ocr_line' id='line_1_12' title="bbox 291 1082 1663 1143; baseline 0.004 -17"><span class='ocrx_word' id='word_1_65' title='bbox 291 1082 435 1138; x_wconf 73' lang='grc' dir='ltr'><em>πρώην</em></span> <span class='ocrx_word' id='word_1_66' title='bbox 464 1085 554 1128; x_wconf 76' lang='grc' dir='ltr'><em>οὔτε</em></span> <span class='ocrx_word' id='word_1_67' title='bbox 581 1089 858 1141; x_wconf 79' lang='grc' dir='ltr'><em>προςέβλεψας</em></span> <span class='ocrx_word' id='word_1_68' title='bbox 884 1088 1027 1140; x_wconf 81' lang='grc' dir='ltr'><em>αὐτὸν,</em></span> <span class='ocrx_word' id='word_1_69' title='bbox 1071 1088 1189 1133; x_wconf 78' lang='grc' dir='ltr'><em>ὁπότε</em></span> <span class='ocrx_word' id='word_1_70' title='bbox 1218 1082 1290 1141; x_wconf 76' lang='grc' dir='ltr'>ἧκε</span> <span class='ocrx_word' id='word_1_71' title='bbox 1319 1090 1663 1143; x_wconf 84' lang='grc' dir='ltr'>μαντευσόμενος,</span> 
     </span>
    </p>
   </div>
   <div class='ocr_carea' id='block_1_7' title="bbox 293 1150 1669 1484">
    <p class='ocr_par' dir='ltr' id='par_1_7' title="bbox 293 1150 1669 1484">
     <span class='ocr_line' id='line_1_13' title="bbox 293 1150 1664 1214; baseline 0.007 -22"><span class='ocrx_word' id='word_1_72' title='bbox 293 1150 386 1194; x_wconf 78' lang='grc' dir='ltr'><em>οὕτε</em></span> <span class='ocrx_word' id='word_1_73' title='bbox 425 1162 653 1205; x_wconf 77' lang='grc' dir='ltr'><em>προςειπεῐν</em></span> <span class='ocrx_word' id='word_1_74' title='bbox 691 1154 862 1209; x_wconf 72' lang='grc' dir='ltr'><em>ἠξίωσας</em></span> <span class='ocrx_word' id='word_1_75' title='bbox 897 1158 1024 1212; x_wconf 70' lang='grc' dir='ltr'><em>ἄνδρα</em></span> <span class='ocrx_word' id='word_1_76' title='bbox 1057 1157 1349 1213; x_wconf 76' lang='grc' dir='ltr'><em>συστρατιώτην</em></span> <span class='ocrx_word' id='word_1_77' title='bbox 1383 1159 1448 1200; x_wconf 82' lang='grc' dir='ltr'>καὶ</span> <span class='ocrx_word' id='word_1_78' title='bbox 1486 1160 1664 1214; x_wconf 73' lang='grc' dir='ltr'><em>ἑταῖρον,</em></span> 
     </span>
     <span class='ocr_line' id='line_1_14' title="bbox 294 1215 1255 1281; baseline 0.007 -21"><span class='ocrx_word' id='word_1_79' title='bbox 294 1215 384 1269; x_wconf 66' lang='grc' dir='ltr'>ἀλλ’</span> <span class='ocrx_word' id='word_1_80' title='bbox 404 1217 680 1275; x_wconf 68' lang='grc' dir='ltr'><em>ὑπεροπτικῶς</em></span> <span class='ocrx_word' id='word_1_81' title='bbox 697 1225 847 1281; x_wconf 65' lang='grc' dir='ltr'>μεγάλα</span> <span class='ocrx_word' id='word_1_82' title='bbox 867 1230 1021 1280; x_wconf 79' lang='grc' dir='ltr'><strong><em>βαίνων</em></strong></span> <span class='ocrx_word' id='word_1_83' title='bbox 1039 1231 1255 1280; x_wconf 77' lang='grc' dir='ltr'><strong><em>παρῆλθες.</em></strong></span> 
     </span>
     <span class='ocr_line' id='line_1_15' title="bbox 405 1288 1666 1348; baseline 0.004 -18"><span class='ocrx_word' id='word_1_84' title='bbox 405 1294 553 1332; x_wconf 82' lang='grc' dir='ltr'><em>ΑΙΑΣ.</em></span> <span class='ocrx_word' id='word_1_85' title='bbox 585 1293 787 1344; x_wconf 81' lang='grc' dir='ltr'><em>Εἰκότως,</em></span> <span class='ocrx_word' id='word_1_86' title='bbox 818 1288 850 1336; x_wconf 69' lang='grc' dir='ltr'><em>ὦ</em></span> <span class='ocrx_word' id='word_1_87' title='bbox 876 1291 1134 1348; x_wconf 72' lang='grc' dir='ltr'><strong><em>Ἀγάμεμνον.</em></strong></span> <span class='ocrx_word' id='word_1_88' title='bbox 1168 1289 1289 1342; x_wconf 72' lang='grc' dir='ltr'><em>αὐτὸς</em></span> <span class='ocrx_word' id='word_1_89' title='bbox 1317 1292 1392 1348; x_wconf 78' lang='grc' dir='ltr'>γάρ</span> <span class='ocrx_word' id='word_1_90' title='bbox 1415 1311 1481 1347; x_wconf 85' lang='grc' dir='ltr'>μοι</span> <span class='ocrx_word' id='word_1_91' title='bbox 1500 1298 1570 1347; x_wconf 82' lang='grc' dir='ltr'><em>τῆς</em></span> <span class='ocrx_word' id='word_1_92' title='bbox 1588 1310 1666 1347; x_wconf 84' lang='grc' dir='ltr'>μα-</span> 
     </span>
     <span class='ocr_line' id='line_1_16' title="bbox 293 1357 1554 1414; baseline 0.005 -18"><span class='ocrx_word' id='word_1_93' title='bbox 293 1357 384 1405; x_wconf 86' lang='grc' dir='ltr'><em>νίας</em></span> <span class='ocrx_word' id='word_1_94' title='bbox 401 1360 526 1407; x_wconf 81' lang='grc' dir='ltr'><em>αἴτιος</em></span> <span class='ocrx_word' id='word_1_95' title='bbox 545 1362 729 1413; x_wconf 76' lang='grc' dir='ltr'><em>κατέστη,</em></span> <span class='ocrx_word' id='word_1_96' title='bbox 760 1360 884 1414; x_wconf 81' lang='grc' dir='ltr'><strong><em>μόνος</em></strong></span> <span class='ocrx_word' id='word_1_97' title='bbox 916 1357 1208 1410; x_wconf 67' lang='grc' dir='ltr'><em>ἀντεξετασθεὶς</em></span> <span class='ocrx_word' id='word_1_98' title='bbox 1225 1363 1289 1402; x_wconf 78' lang='grc' dir='ltr'>ἐπὶ</span> <span class='ocrx_word' id='word_1_99' title='bbox 1303 1367 1386 1410; x_wconf 85' lang='grc' dir='ltr'><em>τοῖς</em></span> <span class='ocrx_word' id='word_1_100' title='bbox 1403 1358 1554 1410; x_wconf 75' lang='grc' dir='ltr'><em>ὅπλοις.</em></span> 
     </span>
     <span class='ocr_line' id='line_1_17' title="bbox 408 1425 1669 1484; baseline 0.003 -18"><span class='ocrx_word' id='word_1_101' title='bbox 408 1430 586 1468; x_wconf 87' lang='grc' dir='ltr'><em>ΛΓΑΜ.</em></span> <span class='ocrx_word' id='word_1_102' title='bbox 615 1425 783 1477; x_wconf 74' lang='grc' dir='ltr'><em>Ἠξίους</em></span> <span class='ocrx_word' id='word_1_103' title='bbox 804 1428 845 1471; x_wconf 81' lang='grc' dir='ltr'>δὲ</span> <span class='ocrx_word' id='word_1_104' title='bbox 870 1428 910 1481; x_wconf 83' lang='lat' dir='ltr'>c)</span> <span class='ocrx_word' id='word_1_105' title='bbox 940 1425 1287 1483; x_wconf 67' lang='grc' dir='ltr'><em>ἀνανταγώνιστος</em></span> <span class='ocrx_word' id='word_1_106' title='bbox 1303 1426 1417 1480; x_wconf 77' lang='grc' dir='ltr'><em>εἶναι,</em></span> <span class='ocrx_word' id='word_1_107' title='bbox 1445 1429 1511 1470; x_wconf 79' lang='grc' dir='ltr'>καὶ</span> <span class='ocrx_word' id='word_1_108' title='bbox 1535 1426 1669 1484; x_wconf 73' lang='grc' dir='ltr'><em>ἀκονι-</em></span> 
     </span>
    </p>
   </div>
   <div class='ocr_carea' id='block_1_8' title="bbox 150 1492 736 1547">
    <p class='ocr_par' dir='ltr' id='par_1_8' title="bbox 150 1492 736 1547">
     <span class='ocr_line' id='line_1_18' title="bbox 150 1492 736 1547; baseline 0.01 -16"><span class='ocrx_word' id='word_1_109' title='bbox 150 1507 188 1541; x_wconf 80' lang='lat' dir='ltr'>p.</span> <span class='ocrx_word' id='word_1_110' title='bbox 200 1506 280 1541; x_wconf 82' lang='lat'><em>449-</em></span> <span class='ocrx_word' id='word_1_111' title='bbox 295 1492 332 1533; x_wconf 79' lang='grc' dir='ltr'><em>τὶ</em></span> <span class='ocrx_word' id='word_1_112' title='bbox 349 1499 504 1546; x_wconf 81' lang='grc' dir='ltr'><em>κρατεῖν</em></span> <span class='ocrx_word' id='word_1_113' title='bbox 527 1492 714 1536; x_wconf 76' lang='grc' dir='ltr'><em>ἆπάντὼν</em></span> <span class='ocrx_word' id='word_1_114' title='bbox 723 1515 736 1547; x_wconf 85' lang='grc'>,-</span> 
     </span>
    </p>
   </div>
   <div class='ocr_carea' id='block_1_9' title="bbox 341 1592 1053 1643">
    <p class='ocr_par' dir='ltr' id='par_1_9' title="bbox 341 1592 1053 1643">
     <span class='ocr_line' id='line_1_19' title="bbox 341 1592 1053 1643; baseline 0.007 -16"><span class='ocrx_word' id='word_1_115' title='bbox 341 1594 387 1636; x_wconf 79' lang='lat' dir='ltr'>a)</span> <span class='ocrx_word' id='word_1_116' title='bbox 415 1592 645 1639; x_wconf 81' lang='grc' dir='ltr'><em>σεαυτὸν]</em></span> <span class='ocrx_word' id='word_1_117' title='bbox 672 1595 810 1632; x_wconf 84' lang='grc' dir='ltr'><em>σαυτὸν</em></span> <span class='ocrx_word' id='word_1_118' title='bbox 829 1598 929 1641; x_wconf 76' lang='lat'>2956.</span> <span class='ocrx_word' id='word_1_119' title='bbox 953 1606 1053 1643; x_wconf 81' lang='lat'><em>2957.</em></span> 
     </span>
    </p>
   </div>
   <div class='ocr_carea' id='block_1_10' title="bbox 1110 1595 1669 1642">
    <p class='ocr_par' dir='ltr' id='par_1_10' title="bbox 1110 1595 1669 1642">
     <span class='ocr_line' id='line_1_20' title="bbox 1110 1595 1669 1642; baseline 0 -11"><span class='ocrx_word' id='word_1_120' title='bbox 1110 1595 1669 1642; x_wconf 67' lang='grc' dir='ltr'>1))έμέλλησας]ἐμέλησας</span> 
     </span>
    </p>
   </div>
   <div class='ocr_carea' id='block_1_11' title="bbox 385 1636 1670 1733">
    <p class='ocr_par' dir='ltr' id='par_1_11' title="bbox 385 1636 1670 1733">
     <span class='ocr_line' id='line_1_21' title="bbox 386 1636 1666 1688; baseline 0.002 -16"><span class='ocrx_word' id='word_1_121' title='bbox 386 1640 424 1671; x_wconf 83' lang='grc' dir='ltr'>Ρ.</span> <span class='ocrx_word' id='word_1_122' title='bbox 447 1642 486 1673; x_wconf 85' lang='grc' dir='ltr'>Ρ,</span> <span class='ocrx_word' id='word_1_123' title='bbox 506 1642 541 1674; x_wconf 90' lang='lat' dir='ltr'>S.</span> <span class='ocrx_word' id='word_1_124' title='bbox 590 1636 768 1675; x_wconf 71' lang='lat' dir='ltr'>vitiosius</span> <span class='ocrx_word' id='word_1_125' title='bbox 798 1642 961 1686; x_wconf 73' lang='grc' dir='ltr'><em>ἔμέλισας</em></span> <span class='ocrx_word' id='word_1_126' title='bbox 985 1646 1025 1677; x_wconf 89' lang='grc' dir='ltr'>Ρ.</span> <span class='ocrx_word' id='word_1_127' title='bbox 1047 1644 1089 1677; x_wconf 86' lang='grc' dir='ltr'>Α.</span> <span class='ocrx_word' id='word_1_128' title='bbox 1116 1655 1144 1675; x_wconf 86' lang='lat'>1.</span> <span class='ocrx_word' id='word_1_129' title='bbox 1164 1656 1195 1678; x_wconf 85' lang='lat'>2.</span> <span class='ocrx_word' id='word_1_130' title='bbox 1226 1645 1262 1676; x_wconf 90' lang='lat' dir='ltr'>V.</span> <span class='ocrx_word' id='word_1_131' title='bbox 1285 1645 1315 1678; x_wconf 87' lang='lat' dir='ltr'>J.</span> <span class='ocrx_word' id='word_1_132' title='bbox 1343 1645 1388 1676; x_wconf 83' lang='lat' dir='ltr'>H.</span> <span class='ocrx_word' id='word_1_133' title='bbox 1414 1647 1470 1677; x_wconf 81' lang='lat' dir='ltr'>Fr.</span> <span class='ocrx_word' id='word_1_134' title='bbox 1490 1646 1549 1677; x_wconf 90' lang='lat' dir='ltr'>W.</span> <span class='ocrx_word' id='word_1_135' title='bbox 1580 1647 1666 1688; x_wconf 71' lang='lat' dir='ltr'>Arg.</span> 
     </span>
     <span class='ocr_line' id='line_1_22' title="bbox 385 1685 1670 1733; baseline 0.006 -17"><span class='ocrx_word' id='word_1_136' title='bbox 385 1685 487 1728; x_wconf 84' lang='lat' dir='ltr'><strong>Lips.</strong></span> <span class='ocrx_word' id='word_1_137' title='bbox 539 1688 568 1720; x_wconf 84' lang='lat' dir='ltr'><strong>E</strong></span> <span class='ocrx_word' id='word_1_138' title='bbox 589 1687 667 1720; x_wconf 86' lang='lat' dir='ltr'>cod.</span> <span class='ocrx_word' id='word_1_139' title='bbox 692 1689 757 1721; x_wconf 84' lang='lat' dir='ltr'>Gr.</span> <span class='ocrx_word' id='word_1_140' title='bbox 779 1696 814 1721; x_wconf 81' lang='lat' dir='ltr'>et</span> <span class='ocrx_word' id='word_1_141' title='bbox 841 1700 958 1733; x_wconf 78' lang='lat' dir='ltr'>marg.</span> <span class='ocrx_word' id='word_1_142' title='bbox 982 1692 1022 1722; x_wconf 93' lang='lat' dir='ltr'>A.</span> <span class='ocrx_word' id='word_1_143' title='bbox 1047 1700 1075 1723; x_wconf 85' lang='lat'>1.</span> <span class='ocrx_word' id='word_1_144' title='bbox 1099 1689 1157 1721; x_wconf 83' lang='lat' dir='ltr'>W.</span> <span class='ocrx_word' id='word_1_145' title='bbox 1179 1689 1340 1722; x_wconf 77' lang='lat' dir='ltr'><strong>restituit</strong></span> <span class='ocrx_word' id='word_1_146' title='bbox 1365 1692 1497 1722; x_wconf 75' lang='lat' dir='ltr'>Hemss.</span> <span class='ocrx_word' id='word_1_147' title='bbox 1525 1688 1670 1733; x_wconf 68' lang='grc' dir='ltr'>ἐμέλλη·</span> 
     </span>
    </p>
   </div>
   <div class='ocr_carea' id='block_1_12' title="bbox 388 1731 844 1779">
    <p class='ocr_par' dir='ltr' id='par_1_12' title="bbox 388 1731 844 1779">
     <span class='ocr_line' id='line_1_23' title="bbox 388 1731 844 1779; baseline 0.011 -15"><span class='ocrx_word' id='word_1_148' title='bbox 388 1741 465 1770; x_wconf 71' lang='grc' dir='ltr'><em>σας.</em></span> <span class='ocrx_word' id='word_1_149' title='bbox 515 1734 557 1766; x_wconf 56' lang='grc' dir='ltr'>οδ</span> <span class='ocrx_word' id='word_1_150' title='bbox 586 1731 659 1776; x_wconf 67' lang='grc' dir='ltr'>δὲ]</span> <span class='ocrx_word' id='word_1_151' title='bbox 687 1732 790 1779; x_wconf 82' lang='grc' dir='ltr'><strong><em>δήΒ.</em></strong></span> <span class='ocrx_word' id='word_1_152' title='bbox 813 1747 844 1768; x_wconf 86' lang='lat'>2·</span> 
     </span>
    </p>
   </div>
   <div class='ocr_carea' id='block_1_13' title="bbox 895 1732 1670 1781">
    <p class='ocr_par' dir='ltr' id='par_1_13' title="bbox 895 1732 1670 1781">
     <span class='ocr_line' id='line_1_24' title="bbox 895 1732 1670 1781; baseline -0.001 -13"><span class='ocrx_word' id='word_1_153' title='bbox 895 1737 965 1768; x_wconf 86' lang='lat' dir='ltr'>Pro</span> <span class='ocrx_word' id='word_1_154' title='bbox 995 1732 1122 1778; x_wconf 77' lang='grc' dir='ltr'><em>ἠξίους</em></span> <span class='ocrx_word' id='word_1_155' title='bbox 1145 1735 1182 1767; x_wconf 86' lang='lat' dir='ltr'>in</span> <span class='ocrx_word' id='word_1_156' title='bbox 1207 1735 1306 1778; x_wconf 84' lang='lat'>2956.</span> <span class='ocrx_word' id='word_1_157' title='bbox 1330 1744 1428 1781; x_wconf 83' lang='lat'><em>2957.</em></span> <span class='ocrx_word' id='word_1_158' title='bbox 1450 1742 1485 1768; x_wconf 80' lang='lat' dir='ltr'>et</span> <span class='ocrx_word' id='word_1_159' title='bbox 1503 1737 1593 1777; x_wconf 74' lang='lat' dir='ltr'>Aug.</span> <span class='ocrx_word' id='word_1_160' title='bbox 1617 1736 1670 1767; x_wconf 87' lang='lat' dir='ltr'>le·</span> 
     </span>
    </p>
   </div>
   <div class='ocr_carea' id='block_1_14' title="bbox 386 1775 1672 1963">
    <p class='ocr_par' dir='ltr' id='par_1_14' title="bbox 386 1775 1672 1963">
     <span class='ocr_line' id='line_1_25' title="bbox 386 1775 1671 1826; baseline 0.002 -17"><span class='ocrx_word' id='word_1_161' title='bbox 386 1776 488 1820; x_wconf 60' lang='lat' dir='ltr'><strong>gitur</strong></span> <span class='ocrx_word' id='word_1_162' title='bbox 514 1775 693 1822; x_wconf 74' lang='grc' dir='ltr'><em>ἠξίωσας,</em></span> <span class='ocrx_word' id='word_1_163' title='bbox 730 1780 829 1825; x_wconf 85' lang='lat' dir='ltr'>quod</span> <span class='ocrx_word' id='word_1_164' title='bbox 855 1792 956 1814; x_wconf 87' lang='lat' dir='ltr'>nunc</span> <span class='ocrx_word' id='word_1_165' title='bbox 982 1783 1104 1813; x_wconf 83' lang='lat' dir='ltr'>minus</span> <span class='ocrx_word' id='word_1_166' title='bbox 1131 1779 1223 1813; x_wconf 78' lang='lat' dir='ltr'>mihi</span> <span class='ocrx_word' id='word_1_167' title='bbox 1243 1781 1387 1825; x_wconf 78' lang='lat' dir='ltr'>placet,</span> <span class='ocrx_word' id='word_1_168' title='bbox 1421 1792 1532 1826; x_wconf 82' lang='lat' dir='ltr'>quam</span> <span class='ocrx_word' id='word_1_169' title='bbox 1560 1780 1671 1813; x_wconf 87' lang='lat' dir='ltr'>olim:</span> 
     </span>
     <span class='ocr_line' id='line_1_26' title="bbox 387 1822 1669 1871; baseline 0.004 -16"><span class='ocrx_word' id='word_1_170' title='bbox 387 1824 656 1868; x_wconf 80' lang='lat' dir='ltr'><strong>Imperfectum</strong></span> <span class='ocrx_word' id='word_1_171' title='bbox 682 1826 798 1870; x_wconf 76' lang='lat' dir='ltr'><strong>magis</strong></span> <span class='ocrx_word' id='word_1_172' title='bbox 825 1826 997 1859; x_wconf 79' lang='lat' dir='ltr'>convenit</span> <span class='ocrx_word' id='word_1_173' title='bbox 1017 1827 1123 1869; x_wconf 82' lang='lat' dir='ltr'>loco,</span> <span class='ocrx_word' id='word_1_174' title='bbox 1161 1838 1271 1870; x_wconf 81' lang='lat' dir='ltr'>quam</span> <span class='ocrx_word' id='word_1_175' title='bbox 1289 1826 1474 1870; x_wconf 79' lang='lat' dir='ltr'><strong>Aoristus,</strong></span> <span class='ocrx_word' id='word_1_176' title='bbox 1508 1834 1544 1860; x_wconf 81' lang='lat' dir='ltr'>et</span> <span class='ocrx_word' id='word_1_177' title='bbox 1561 1822 1669 1871; x_wconf 73' lang='grc' dir='ltr'><strong><em>ἠξίω-</em></strong></span> 
     </span>
     <span class='ocr_line' id='line_1_27' title="bbox 387 1870 1672 1916; baseline 0.002 -14"><span class='ocrx_word' id='word_1_178' title='bbox 387 1879 474 1912; x_wconf 85' lang='grc' dir='ltr'><em>σας,</em></span> <span class='ocrx_word' id='word_1_179' title='bbox 508 1870 589 1903; x_wconf 80' lang='lat' dir='ltr'>fieri</span> <span class='ocrx_word' id='word_1_180' title='bbox 613 1876 752 1913; x_wconf 84' lang='lat' dir='ltr'>potest,</span> <span class='ocrx_word' id='word_1_181' title='bbox 787 1877 829 1904; x_wconf 82' lang='lat' dir='ltr'>ut</span> <span class='ocrx_word' id='word_1_182' title='bbox 849 1878 973 1905; x_wconf 77' lang='lat' dir='ltr'>ortum</span> <span class='ocrx_word' id='word_1_183' title='bbox 994 1872 1042 1905; x_wconf 82' lang='lat' dir='ltr'>sit</span> <span class='ocrx_word' id='word_1_184' title='bbox 1064 1882 1106 1904; x_wconf 78' lang='lat' dir='ltr'>ex</span> <span class='ocrx_word' id='word_1_185' title='bbox 1134 1871 1259 1904; x_wconf 83' lang='lat' dir='ltr'>eadem</span> <span class='ocrx_word' id='word_1_186' title='bbox 1285 1872 1407 1905; x_wconf 83' lang='lat' dir='ltr'>forma</span> <span class='ocrx_word' id='word_1_187' title='bbox 1433 1873 1559 1916; x_wconf 82' lang='lat' dir='ltr'>paullo</span> <span class='ocrx_word' id='word_1_188' title='bbox 1587 1878 1672 1905; x_wconf 77' lang='lat' dir='ltr'>ante</span> 
     </span>
     <span class='ocr_line' id='line_1_28' title="bbox 388 1913 1672 1963; baseline 0.002 -17"><span class='ocrx_word' id='word_1_189' title='bbox 388 1915 508 1948; x_wconf 80' lang='lat' dir='ltr'>obvia.</span> <span class='ocrx_word' id='word_1_190' title='bbox 555 1916 793 1949; x_wconf 60' lang='lat' dir='ltr'>Srhmicderus</span> <span class='ocrx_word' id='word_1_191' title='bbox 809 1923 933 1951; x_wconf 82' lang='lat' dir='ltr'>tamen</span> <span class='ocrx_word' id='word_1_192' title='bbox 950 1917 1129 1963; x_wconf 82' lang='lat' dir='ltr'>praetulit</span> <span class='ocrx_word' id='word_1_193' title='bbox 1143 1913 1320 1961; x_wconf 75' lang='grc' dir='ltr'><em>ἠξίωσας,</em></span> <span class='ocrx_word' id='word_1_194' title='bbox 1348 1919 1447 1963; x_wconf 85' lang='lat' dir='ltr'>quod</span> <span class='ocrx_word' id='word_1_195' title='bbox 1468 1919 1580 1952; x_wconf 81' lang='lat' dir='ltr'>etiam</span> <span class='ocrx_word' id='word_1_196' title='bbox 1597 1919 1672 1949; x_wconf 84' lang='lat' dir='ltr'>Be-</span> 
     </span>
    </p>
   </div>
   <div class='ocr_carea' id='block_1_15' title="bbox 386 1959 734 2006">
    <p class='ocr_par' dir='ltr' id='par_1_15' title="bbox 386 1959 734 2006">
     <span class='ocr_line' id='line_1_29' title="bbox 386 1959 734 2006; baseline 0.009 -13"><span class='ocrx_word' id='word_1_197' title='bbox 386 1959 478 1994; x_wconf 68' lang='lat' dir='ltr'>linus</span> <span class='ocrx_word' id='word_1_198' title='bbox 500 1961 734 2006; x_wconf 81' lang='lat' dir='ltr'>probaverat.</span> 
     </span>
    </p>
   </div>
   <div class='ocr_carea' id='block_1_16' title="bbox 368 2113 1602 2169">
    <p class='ocr_par' dir='ltr' id='par_1_16' title="bbox 368 2113 1602 2169">
     <span class='ocr_line' id='line_1_30' title="bbox 368 2113 1602 2169; baseline 0.003 -5"><span class='ocrx_word' id='word_1_199' title='bbox 368 2113 680 2165; x_wconf 84' lang='lat' dir='ltr'><strong>AJACIS</strong></span> <span class='ocrx_word' id='word_1_200' title='bbox 749 2118 858 2166; x_wconf 94' lang='lat' dir='ltr'>ET</span> <span class='ocrx_word' id='word_1_201' title='bbox 926 2117 1602 2169; x_wconf 90' lang='lat' dir='ltr'><strong>AGAMEMNONIS.</strong></span> 
     </span>
    </p>
   </div>
   <div class='ocr_carea' id='block_1_17' title="bbox 302 2232 962 2811">
    <p class='ocr_par' dir='ltr' id='par_1_17' title="bbox 302 2232 962 2811">
     <span class='ocr_line' id='line_1_31' title="bbox 306 2232 957 2307; baseline 0.003 -16"><span class='ocrx_word' id='word_1_202' title='bbox 306 2252 462 2300; x_wconf 69' lang='lat' dir='ltr'><em>Agant.</em></span> <span class='ocrx_word' id='word_1_203' title='bbox 495 2232 550 2291; x_wconf 81' lang='lat' dir='ltr'>Si</span> <span class='ocrx_word' id='word_1_204' title='bbox 579 2264 625 2292; x_wconf 89' lang='lat' dir='ltr'>tu</span> <span class='ocrx_word' id='word_1_205' title='bbox 653 2255 797 2296; x_wconf 88' lang='lat' dir='ltr'>furore</span> <span class='ocrx_word' id='word_1_206' title='bbox 818 2264 957 2307; x_wconf 84' lang='lat' dir='ltr'>actus,</span> 
     </span>
     <span class='ocr_line' id='line_1_32' title="bbox 304 2307 957 2363; baseline 0.008 -19"><span class='ocrx_word' id='word_1_207' title='bbox 304 2307 430 2360; x_wconf 78' lang='lat' dir='ltr'>Ajax,</span> <span class='ocrx_word' id='word_1_208' title='bbox 446 2318 571 2348; x_wconf 80' lang='lat' dir='ltr'>temet</span> <span class='ocrx_word' id='word_1_209' title='bbox 585 2311 675 2362; x_wconf 84' lang='lat' dir='ltr'>ipse</span> <span class='ocrx_word' id='word_1_210' title='bbox 688 2311 957 2363; x_wconf 75' lang='lat' dir='ltr'><strong>interemisti,</strong></span> 
     </span>
     <span class='ocr_line' id='line_1_33' title="bbox 302 2365 955 2418; baseline 0.011 -19"><span class='ocrx_word' id='word_1_211' title='bbox 302 2375 464 2413; x_wconf 84' lang='lat' dir='ltr'>nosque</span> <span class='ocrx_word' id='word_1_212' title='bbox 512 2379 653 2405; x_wconf 82' lang='lat' dir='ltr'>omnes</span> <span class='ocrx_word' id='word_1_213' title='bbox 697 2365 955 2418; x_wconf 78' lang='lat' dir='ltr'>destinaras,</span> 
     </span>
     <span class='ocr_line' id='line_1_34' title="bbox 303 2416 958 2473; baseline 0.012 -19"><span class='ocrx_word' id='word_1_214' title='bbox 303 2416 408 2470; x_wconf 82' lang='lat' dir='ltr'><strong>quid</strong></span> <span class='ocrx_word' id='word_1_215' title='bbox 457 2418 621 2458; x_wconf 79' lang='lat' dir='ltr'>incusas</span> <span class='ocrx_word' id='word_1_216' title='bbox 667 2422 874 2473; x_wconf 80' lang='lat' dir='ltr'>Ulyxen?</span> <span class='ocrx_word' id='word_1_217' title='bbox 916 2433 958 2462; x_wconf 89' lang='lat' dir='ltr'>et</span> 
     </span>
     <span class='ocr_line' id='line_1_35' title="bbox 303 2476 954 2530; baseline 0.012 -22"><span class='ocrx_word' id='word_1_218' title='bbox 303 2485 439 2524; x_wconf 83' lang='lat' dir='ltr'><strong>nuper</strong></span> <span class='ocrx_word' id='word_1_219' title='bbox 460 2488 512 2512; x_wconf 89' lang='lat' dir='ltr'>ne</span> <span class='ocrx_word' id='word_1_220' title='bbox 529 2476 759 2528; x_wconf 80' lang='lat' dir='ltr'>adspexisti</span> <span class='ocrx_word' id='word_1_221' title='bbox 784 2477 954 2530; x_wconf 87' lang='lat' dir='ltr'>quidem</span> 
     </span>
     <span class='ocr_line' id='line_1_36' title="bbox 304 2531 959 2581; baseline 0.009 -15"><span class='ocrx_word' id='word_1_222' title='bbox 304 2541 421 2576; x_wconf 80' lang='lat' dir='ltr'>eum,</span> <span class='ocrx_word' id='word_1_223' title='bbox 453 2531 625 2581; x_wconf 84' lang='lat' dir='ltr'>quando</span> <span class='ocrx_word' id='word_1_224' title='bbox 656 2533 862 2571; x_wconf 79' lang='lat' dir='ltr'>Tiresiam</span> <span class='ocrx_word' id='word_1_225' title='bbox 884 2534 959 2571; x_wconf 88' lang='lat' dir='ltr'><strong>in·-</strong></span> 
     </span>
     <span class='ocr_line' id='line_1_37' title="bbox 306 2588 960 2637; baseline 0.011 -17"><span class='ocrx_word' id='word_1_226' title='bbox 306 2590 563 2637; x_wconf 83' lang='lat' dir='ltr'>terrogatum</span> <span class='ocrx_word' id='word_1_227' title='bbox 615 2588 833 2637; x_wconf 81' lang='lat' dir='ltr'>veniebat,</span> <span class='ocrx_word' id='word_1_228' title='bbox 886 2602 960 2627; x_wconf 82' lang='lat' dir='ltr'>ne-</span> 
     </span>
     <span class='ocr_line' id='line_1_38' title="bbox 305 2634 960 2696; baseline 0.011 -21"><span class='ocrx_word' id='word_1_229' title='bbox 305 2650 389 2691; x_wconf 88' lang='lat' dir='ltr'>que</span> <span class='ocrx_word' id='word_1_230' title='bbox 413 2637 583 2693; x_wconf 86' lang='lat' dir='ltr'>adloqui</span> <span class='ocrx_word' id='word_1_231' title='bbox 609 2634 784 2696; x_wconf 50' lang='lat' dir='ltr'>dignu&#39;m</span> <span class='ocrx_word' id='word_1_232' title='bbox 808 2644 960 2682; x_wconf 80' lang='lat' dir='ltr'><strong>habui-</strong></span> 
     </span>
     <span class='ocr_line' id='line_1_39' title="bbox 305 2693 962 2739; baseline 0.008 -7"><span class='ocrx_word' id='word_1_233' title='bbox 305 2693 363 2732; x_wconf 86' lang='lat' dir='ltr'>sti</span> <span class='ocrx_word' id='word_1_234' title='bbox 388 2697 717 2736; x_wconf 86' lang='lat' dir='ltr'>commilitonem</span> <span class='ocrx_word' id='word_1_235' title='bbox 759 2708 801 2739; x_wconf 85' lang='lat' dir='ltr'>et</span> <span class='ocrx_word' id='word_1_236' title='bbox 831 2699 962 2739; x_wconf 81' lang='lat' dir='ltr'>soda-</span> 
     </span>
     <span class='ocr_line' id='line_1_40' title="bbox 303 2750 962 2811; baseline 0.012 -24"><span class='ocrx_word' id='word_1_237' title='bbox 303 2750 408 2800; x_wconf 79' lang='lat' dir='ltr'>lem,</span> <span class='ocrx_word' id='word_1_238' title='bbox 465 2750 538 2790; x_wconf 82' lang='lat' dir='ltr'>sed</span> <span class='ocrx_word' id='word_1_239' title='bbox 580 2752 758 2805; x_wconf 80' lang='lat' dir='ltr'>superbe</span> <span class='ocrx_word' id='word_1_240' title='bbox 811 2755 962 2811; x_wconf 82' lang='lat' dir='ltr'><strong>grandi</strong></span> 
     </span>
    </p>
   </div>
   <div class='ocr_carea' id='block_1_18' title="bbox 1014 2252 1672 2795">
    <p class='ocr_par' dir='ltr' id='par_1_18' title="bbox 1016 2252 1667 2310">
     <span class='ocr_line' id='line_1_41' title="bbox 1016 2252 1667 2310; baseline -0.005 -15"><span class='ocrx_word' id='word_1_241' title='bbox 1016 2270 1141 2310; x_wconf 86' lang='lat' dir='ltr'>passu</span> <span class='ocrx_word' id='word_1_242' title='bbox 1164 2256 1363 2296; x_wconf 83' lang='lat' dir='ltr'>incedens</span> <span class='ocrx_word' id='word_1_243' title='bbox 1397 2252 1667 2310; x_wconf 80' lang='lat' dir='ltr'><strong>praeteriisti.</strong></span> 
     </span>
    </p>

    <p class='ocr_par' dir='ltr' id='par_1_19' title="bbox 1014 2309 1672 2584">
     <span class='ocr_line' id='line_1_42' title="bbox 1072 2309 1670 2362; baseline -0.01 -11"><span class='ocrx_word' id='word_1_244' title='bbox 1072 2313 1204 2362; x_wconf 83' lang='lat' dir='ltr'><em>Ajax.</em></span> <span class='ocrx_word' id='word_1_245' title='bbox 1245 2314 1303 2351; x_wconf 78' lang='lat' dir='ltr'>Et</span> <span class='ocrx_word' id='word_1_246' title='bbox 1335 2313 1509 2359; x_wconf 87' lang='lat' dir='ltr'>merito,</span> <span class='ocrx_word' id='word_1_247' title='bbox 1554 2309 1670 2362; x_wconf 80' lang='lat' dir='ltr'>Aga-</span> 
     </span>
     <span class='ocr_line' id='line_1_43' title="bbox 1016 2364 1671 2407; baseline -0.006 -1"><span class='ocrx_word' id='word_1_248' title='bbox 1016 2382 1236 2407; x_wconf 84' lang='lat' dir='ltr'>memnon:</span> <span class='ocrx_word' id='word_1_249' title='bbox 1270 2368 1305 2405; x_wconf 87' lang='lat' dir='ltr'>is</span> <span class='ocrx_word' id='word_1_250' title='bbox 1328 2368 1439 2406; x_wconf 88' lang='lat' dir='ltr'>enim</span> <span class='ocrx_word' id='word_1_251' title='bbox 1464 2364 1569 2403; x_wconf 89' lang='lat' dir='ltr'>mihi</span> <span class='ocrx_word' id='word_1_252' title='bbox 1595 2365 1671 2403; x_wconf 81' lang='lat' dir='ltr'>fu-</span> 
     </span>
     <span class='ocr_line' id='line_1_44' title="bbox 1014 2422 1672 2469; baseline -0.006 -8"><span class='ocrx_word' id='word_1_253' title='bbox 1014 2423 1122 2462; x_wconf 84' lang='lat' dir='ltr'>roris</span> <span class='ocrx_word' id='word_1_254' title='bbox 1147 2437 1290 2461; x_wconf 85' lang='lat' dir='ltr'><strong>caussa</strong></span> <span class='ocrx_word' id='word_1_255' title='bbox 1308 2422 1394 2460; x_wconf 88' lang='lat' dir='ltr'><strong>fuit</strong></span> <span class='ocrx_word' id='word_1_256' title='bbox 1412 2424 1528 2460; x_wconf 84' lang='lat' dir='ltr'>solus</span> <span class='ocrx_word' id='word_1_257' title='bbox 1544 2451 1554 2469; x_wconf 86' lang='lat'>‚</span> <span class='ocrx_word' id='word_1_258' title='bbox 1587 2434 1672 2458; x_wconf 81' lang='lat' dir='ltr'>me·</span> 
     </span>
     <span class='ocr_line' id='line_1_45' title="bbox 1016 2475 1669 2530; baseline -0.002 -15"><span class='ocrx_word' id='word_1_259' title='bbox 1016 2492 1109 2516; x_wconf 84' lang='lat' dir='ltr'><strong>curn</strong></span> <span class='ocrx_word' id='word_1_260' title='bbox 1140 2478 1211 2530; x_wconf 88' lang='lat' dir='ltr'>qui</span> <span class='ocrx_word' id='word_1_261' title='bbox 1243 2492 1285 2516; x_wconf 88' lang='lat' dir='ltr'>se</span> <span class='ocrx_word' id='word_1_262' title='bbox 1313 2475 1597 2529; x_wconf 86' lang='lat' dir='ltr'>composuerit</span> <span class='ocrx_word' id='word_1_263' title='bbox 1622 2475 1669 2514; x_wconf 85' lang='lat' dir='ltr'>in.</span> 
     </span>
     <span class='ocr_line' id='line_1_46' title="bbox 1016 2532 1423 2584; baseline 0.002 -13"><span class='ocrx_word' id='word_1_264' title='bbox 1016 2547 1224 2571; x_wconf 81' lang='lat' dir='ltr'>armorum</span> <span class='ocrx_word' id='word_1_265' title='bbox 1248 2532 1423 2584; x_wconf 74' lang='lat' dir='ltr'>judicio,</span> 
     </span>
    </p>

    <p class='ocr_par' dir='ltr' id='par_1_20' title="bbox 1018 2586 1670 2795">
     <span class='ocr_line' id='line_1_47' title="bbox 1072 2586 1669 2639; baseline -0.002 -12"><span class='ocrx_word' id='word_1_266' title='bbox 1072 2590 1226 2639; x_wconf 83' lang='lat' dir='ltr'><em>Agam.</em></span> <span class='ocrx_word' id='word_1_267' title='bbox 1260 2586 1498 2627; x_wconf 83' lang='lat' dir='ltr'>Volebasne</span> <span class='ocrx_word' id='word_1_268' title='bbox 1519 2586 1669 2626; x_wconf 84' lang='lat' dir='ltr'>adver-</span> 
     </span>
     <span class='ocr_line' id='line_1_48' title="bbox 1018 2643 1670 2691; baseline -0.005 -8"><span class='ocrx_word' id='word_1_269' title='bbox 1018 2643 1174 2683; x_wconf 85' lang='lat' dir='ltr'>sarium</span> <span class='ocrx_word' id='word_1_270' title='bbox 1210 2643 1362 2682; x_wconf 81' lang='lat' dir='ltr'>habere</span> <span class='ocrx_word' id='word_1_271' title='bbox 1396 2647 1582 2691; x_wconf 88' lang='lat' dir='ltr'>nullum,</span> <span class='ocrx_word' id='word_1_272' title='bbox 1626 2651 1670 2681; x_wconf 84' lang='lat' dir='ltr'>et</span> 
     </span>
     <span class='ocr_line' id='line_1_49' title="bbox 1019 2697 1668 2752; baseline -0.005 -14"><span class='ocrx_word' id='word_1_273' title='bbox 1019 2700 1112 2738; x_wconf 84' lang='lat' dir='ltr'>sine</span> <span class='ocrx_word' id='word_1_274' title='bbox 1152 2702 1326 2752; x_wconf 87' lang='lat' dir='ltr'>pulvere</span> <span class='ocrx_word' id='word_1_275' title='bbox 1359 2713 1408 2737; x_wconf 86' lang='lat' dir='ltr'>ac</span> <span class='ocrx_word' id='word_1_276' title='bbox 1440 2697 1668 2739; x_wconf 82' lang='lat' dir='ltr'>certamine</span> 
     </span>
     <span class='ocr_line' id='line_1_50' title="bbox 1020 2754 1393 2795; baseline -0.003 -1"><span class='ocrx_word' id='word_1_277' title='bbox 1020 2755 1192 2795; x_wconf 79' lang='lat' dir='ltr'>vincere</span> <span class='ocrx_word' id='word_1_278' title='bbox 1212 2768 1356 2794; x_wconf 84' lang='lat' dir='ltr'>omnes</span> <span class='ocrx_word' id='word_1_279' title='bbox 1372 2754 1393 2793; x_wconf 72' lang='lat'><em>2</em></span> 
     </span>
    </p>
   </div>
  </div>
 </body>
</html>
