1741 3085
240 189 337 235 348
689 194 1433 228 ADNOTATIONES

237 296 464 347 videbatur
481 292 750 339 mutandum
787 294 976 347 quamvis
997 293 1042 331 in
1076 293 1133 333 A.
1158 298 1194 336 1.
1223 293 1283 336 W.
1309 293 1383 350 ἥγε
1401 295 1548 336 itidem
1566 307 1686 338 nota·

237 361 326 392 tum
346 352 563 403 reperiam,
595 350 775 388 HEMST.

353 444 448 493 Pag.
466 444 535 484 57.
557 443 583 480 1.
607 444 645 482 1.
664 436 802 494 ‘'Hye)
833 440 902 479 Sic
927 441 978 483 L.
998 437 1065 493 ἥτε
1081 441 1128 481 Ρ.
1146 440 1346 493 Impressi
1369 442 1406 483 εἶ’
1429 459 1482 497 γε,
1515 443 1682 484 Somne,

347 518 450 558 Eacl.
470 521 497 560 l.
524 525 587 562 14.
627 520 699 568 Τί)
732 520 870 571 Hujus
893 518 1053 573 dialogi
1080 529 1372 573 argumentum
1408 521 1685 562 festivissime

236 576 282 613 in
304 574 520 627 Cupidine
555 589 631 613 suo
652 576 851 613 tiactavit
873 574 1007 628 (Fe-013.
1029 576 1222 624 Sabinus,
1258 576 1331 629 qui
1349 575 1400 614 ad
1423 577 1547 628 hujus
1568 577 1685 618 vide-

234 640 305 670 tui·
326 631 581 670 imitatione.
584 647 605 668 n
632 630 838 669 confictus
855 661 866 678 ,
899 646 976 670 nec
999 632 1135 669 minus
1158 641 1220 669 est
1243 634 1421 684 elegans.
1456 633 1599 672 COGN.

346 685 707 739 Easl.1.16.Tv}v
726 683 871 737 Ρέαν)
904 688 1090 741 Insignis
1111 687 1214 725 haec
1234 688 1437 727 Juntinae
1457 688 1521 727 ed.
1546 703 1687 728 emen-

233 743 373 790 datio,
410 756 533 794 quam
560 742 809 781 confirmant
836 743 1009 795 insuper
1031 744 1076 781 P.
1107 753 1147 782 et
1169 744 1222 781 L.
1245 742 1434 796 reliquae
1454 744 1566 783 enim
1591 759 1684 783 om-

233 813 309 837 nes
317 796 472 851 ‘'Hpccv.
535 801 591 836 At
612 799 795 839 junonis
833 813 991 838 amores
1023 799 1116 849 quis
1150 798 1306 837 novit?
1348 799 1587 838 Adonidem
1619 815 1684 840 so·

231 858 319 894 lum
343 868 502 892 amasse
524 853 692 892 dicitur.
717 855 766 892 V.
803 853 919 894 Clem.
949 854 1075 894 Alex.
1095 869 1136 907 p.
1170 857 1236 898 15.
1269 854 1320 894 A.
1354 855 1518 896 SOLAN.
1577 856 1702 894 Nul-.

230 913 320 949 lum
340 919 403 948 est
422 909 466 946 in
493 909 648 948 fabulis
667 910 851 949 Junonis
881 925 902 947 a
928 910 1142 962 Cupidine
1161 914 1405 949 vulneratae
1429 912 1682 965 vestigium:

230 980 373 1017 neque
415 965 514 1003 satis
559 975 645 1003 erat
678 964 899 1014 decorum,
941 975 1011 1014 ut,
1057 980 1161 1018 quae
1189 966 1361 1004 virtutis
1393 966 1684 1019 castitatisque

232 1031 375 1060 custos
396 1020 632 1059 habebatur
653 1035 699 1058 ac
727 1035 915 1072 praeses,
948 1021 1044 1059 telis
1068 1031 1149 1059 tam
1171 1022 1313 1059 noxiis
1335 1031 1510 1073 pateret.
1571 1023 1682 1061 Nam

233 1077 350 1139 quod
388 1076 436 1114 ab
466 1075 755 1127 Eurymedom
763 1091 785 1114 e
826 1080 1001 1127 Titane,
1044 1087 1264 1132 antequam
1297 1077 1398 1117 Jovi
1428 1077 1681 1127 traderetur,

230 1133 343 1185 virg·
334 1147 441 1171 nem
464 1132 546 1169 fui
553 1146 594 1170 se
618 1132 807 1170 vitiatam
830 1133 998 1181 fexunt,
1033 1147 1082 1171 ex
1108 1147 1240 1187 eoque
1269 1133 1433 1172 furtivo
1458 1147 1686 1188 congressu

230 1188 529 1227 Prometheum
569 1187 803 1237 exstitisse,
855 1189 929 1227 vix
972 1202 1059 1227 uno
1099 1188 1292 1228 alterove
1313 1198 1441 1237 teste,
1484 1199 1611 1241 atque
1640 1204 1686 1227 ln

232 1252 317 1282 tam
341 1244 461 1297 gravi
486 1244 663 1282 mimine
692 1257 838 1295 poium
870 1244 1053 1292 idoneo,
1093 1244 1263 1297 probari
1293 1254 1446 1297 potest.
1507 1244 1554 1283 Si
1581 1244 1686 1297 quid

233 1303 324 1352 ejus
348 1299 513 1353 generis
536 1298 751 1337 habuisset
787 1301 978 1353 Jupiter,
1013 1300 1128 1353 quod
1151 1303 1236 1338 ulia
1255 1300 1344 1339 veri
1377 1299 1520 1352 specie
1538 1303 1685 1353 conju·

233 1356 280 1409 gi
304 1355 532 1408 objiceret,
567 1354 648 1392 hoc
667 1355 831 1394 seilicet
865 1358 960 1405 ille,
995 1370 1080 1394 non
1109 1370 1255 1407 parurn
1288 1356 1685 1409 alioquin—iracun-

234 1411 337 1458 dus,
371 1411 593 1459 tacuisset,
637 1423 773 1460 neque
801 1411 844 1447 in
878 1411 994 1449 hisce
1027 1411 1208 1465 dialogis
1239 1411 1686 1451 violatimatrimonii

231 1476 317 1505 tam
336 1479 458 1517 saepe
491 1479 583 1504 reus
613 1465 823 1505 Junonem
854 1467 897 1503 in
930 1480 1086 1504 amores
1118 1480 1215 1504 suos
1249 1467 1537 1517 importunius
1568 1467 1685 1505 inve-

231 1531 342 1561 ctam
364 1520 514 1573 flagitii
545 1521 696 1558 similis
726 1522 1053 1573 exprobratione
1084 1521 1339 1584 repulisset?
1381 1523 1451 1561 De
1486 1521 1684 1562 Adonide

233 1576 350 1630 quod
376 1587 747 1627 commemoratur,
789 1577 831 1614 iu
867 1576 1055 1616 Clemente
1086 1577 1265 1628 1Uepeai1i
1288 1591 1374 1614 non
1398 1591 1496 1630 equi
1484 1577 1593 1616 idem
1622 1592 1684 1616 re-

232 1631 409 1677 cordor;
454 1642 496 1670 et
523 1632 691 1679 nescio,
743 1646 793 1669 an
829 1632 942 1671 hunc
983 1646 1162 1671 errorem
1195 1632 1417 1671 festinatio
1449 1633 1683 1700 pepererit:

231 1702 328 1726 nam
350 1688 485 1729 Pron,
508 1702 550 1738 p.
573 1693 639 1729 21.
667 1688 713 1728 Β.
733 1689 890 1740 legitm
917 1689 985 1728 mci
1012 1705 1089 1739 ηρα
1111 1683 1685 1735 Affaivtffog.n1mirum'A-
1734 1720 1736 1722 -

231 1746 428 1797 φροδίτη·
461 1742 608 1781 illud
591 1743 669 1795 η’ρα
690 1743 827 1781 literis
858 1743 1005 1782 iisdem
1031 1751 1244 1792 constans,
1275 1716 1574 1796 q1iii2us‘'H9a,
1607 1743 1684 1782 mi-

232 1813 314 1837 nus
336 1798 553 1836 adtentum
574 1800 717 1837 fallere
739 1798 907 1837 videtur
927 1799 1141 1850 potuisse:
1176 1799 1279 1850 quin
1305 1799 1349 1836 in
1375 1799 1513 1851 ipsum
1535 1799 1683 1839 Jovem

233 1855 361 1893 amati
381 1853 605 1892 Adonidis
614 1855 802 1906 suspicio
826 1855 996 1893 meliore
1016 1858 1107 1907 jure
1130 1854 1272 1892 cadat:
1303 1854 1337 1892 is
1359 1854 1469 1893 enim
1492 1869 1514 1893 a
1535 1869 1578 1893 se
1602 1854 1684 1893 im..

231 1919 396 1962 petrare
432 1924 518 1948 non
553 1909 808 1964 potuitsut
846 1912 1152 1962 possessionem
1185 1910 1482 1948 formosissimi
1514 1911 1682 1964 juvenis

231 1965 390 2004 Veneri
410 1966 771 2017 Proserpinaeque
802 1967 1063 2017 relinqueret
1095 1964 1482 2016 incontroversam‚
1524 1967 1560 2005 si
1585 1981 1682 2005 vera
1734 1970 1739 1977 ²

230 2031 356 2070 sunt,
391 2035 498 2074 quae
522 2019 642 2058 notat
669 2020 801 2062 Sclzol.
828 2022 988 2060 Theocr.
1023 2019 1074 2058 ad
1103 2020 1200 2058 Eid.
1233 2020 1324 2059 XV.
1357 2036 1395 2062 v,
1427 2026 1495 2065 86.
1553 2021 1681 2073 Apud

230 2077 455 2115 Lucianum
481 2077 614 2130 igitur
634 2091 709 2129 pro
733 2078 904 2117 Junone
925 2075 1212 2130 amplectenda
1250 2077 1338 2115 fuit
1359 2074 1474 2128 ‘'Pe'oe,
1509 2078 1578 2116 cui
1599 2080 1682 2129 jam

229 2135 434 2171 vetulae
423 2142 550 2185 atque
577 2133 773 2170 emeritae
796 2132 966 2184 Cupido
995 2132 1239 2185 pudendum
1270 2133 1314 2169 in
1347 2132 1518 2171 modum
1549 2133 1683 2171 insul-

230 2187 362 2237 tavit,
415 2197 462 2225 ut
484 2189 582 2255 ipse
613 2189 821 2242 gloriatur
850 2189 968 2228 Dial.
1001 2188 1100 2227 XII.
1151 2187 1334 2228 Plzilosir.
1366 2189 1446 2240 Ep.
1476 2189 1681 2227 XXXIX.

229 2240 335 2308 pv'ro)
359 2245 424 2285 καὶ
448 2261 467 2284 ο
484 2219 683 2285 Ἀπόλλων
700 2246 901 2296 ποιμένων
921 2243 1023 2296 isone,
1045 2245 1111 2284 καὶ
1126 2239 1370 2311 Ἀφροδίτη
1367 2244 1583 2294 Βοικόλων,
1612 2244 1682 2285 καὶ

229 2294 345 2338 ΓῬέοι
346 2295 562 2352 ἀγροίκων,
593 2299 671 2341 καὶ
686 2299 880 2354 Δημήτηρ
901 2305 979 2342 τῶν
1000 2298 1049 2341 τὰ
1072 2297 1173 2352 α’στη
1199 2317 1275 2341 ουκ
1302 2284 1486 2341 εἰδότων·
1519 2277 1583 2337 ibi
1600 2313 1679 2351 pro

230 2348 324 2393 Ῥέα
346 2355 576 2392 scribitur
566 2370 608 2392 in
632 2354 738 2395 Cod.
763 2356 849 2397 Pal.
875 2354 1084 2395 secundo
1084 2354 1201 2408 ’.Ηρα
1263 2355 1456 2394 Contr'a
1446 2370 1491 2392 in
1510 2354 1679 2394 Pluton-

233 2408 307 2447 elio
329 2406 378 2447 de
396 2411 517 2449 Fluv.
540 2424 572 2450 c.
603 2415 665 2454 18.
689 2425 729 2463 p.
751 2415 819 2455 59.
850 2429 916 2452 και
935 2429 1007 2453 κατ
1056 2410 1224 2464 ἄγνοιαν
1250 2415 1298 2461 τῆ
1321 2408 1416 2464 Ρέᾳ
1449 2409 1693 2465 συγγινόμε-.

232 2480 310 2504 νον
329 2461 399 2504 τὸν
418 2466 563 2507 Alaea
555 2464 690 2519 ασοέμε
681 2484 786 2516 νος,
819 2465 1109 2519 reponendum
1139 2476 1201 2505 est
1222 2484 1268 2521 τῃ
1286 2454 1424 2519 Ἤρᾳ,
1456 2475 1503 2504 ut
1536 2480 1590 2504 ex
1621 2466 1679 2504 iis

232 2519 460 2559 manifesto
482 2530 623 2572 patet,
656 2536 761 2575 quae
790 2523 1072 2573 tradunturp.
1092 2526 1159 2564 64.
1219 2508 1347 2560 Mox
1359 2522 1397 2559 si
1428 2522 1580 2584 piobe's
1610 2517 1676 2563 ἐπ’

234 2574 407 2628 ἐκείνης,
442 2576 692 2627 capiendum
713 2577 814 2628 erit,
848 2577 953 2631 quod
972 2577 1026 2615 ad
1045 2571 1158 2616 illam
1178 2576 1348 2616 adtinet:
1381 2577 1446 2614 sin
1469 2577 1588 2616 malis
1609 2574 1674 2618 ἐπ’

220 2631 385 2687 ἐκείνῃ,
417 2633 485 2669 vel
507 2629 573 2673 ἐπ’
595 2634 769 2685 ἐκείνην,
799 2633 981 2672 adversus
1011 2631 1150 2685 illam·
1182 2631 1310 2684 idque
1342 2634 1569 2672 convenire
1593 2645 1677 2671 ma-

235 2688 300 2740 gis
331 2675 516 2726 videtur.
585 2686 763 2741 Qualem
800 2703 900 2730 vero
934 2702 977 2729 se
1004 2697 1123 2741 pater
1153 2688 1385 2741 pepeierit,
1428 2688 1478 2727 ab
1509 2687 1676 2727 Amoris
