1741 3085
200 206 299 253 554
556 213 1308 244 aux‘orarrorxns

201 316 271 367 di,
316 316 384 355 vel
410 309 679 350 librariorum
706 308 898 347 incuriae
930 308 1060 346 tribui
1088 322 1213 362 posse
1243 309 1480 350 videantur.
1550 311 1650 351 Huc

199 372 387 427 pertinet
404 365 493 408 ὅσοι
522 362 566 406 τὸ
586 363 711 417 μηδὲν
734 366 773 413 ἐξ
791 359 915 417 ἀρχῆς
937 363 1046 413 ὄντες
1069 375 1146 407 etc.
1178 365 1253 404 ubi
1273 366 1492 406 Articulus
1513 365 1556 410 τό
1579 368 1650 406 in—

200 423 424 467 commodo
447 426 545 462 loco
568 420 733 473 positus
755 420 872 459 facili
896 434 1021 472 opera
1044 425 1264 474 transponi
1289 432 1440 475 potest.
1486 425 1651 474 Defen-

199 484 245 522 di
266 491 417 530 autem,
449 480 517 517 vel
534 479 679 514 saltem
701 477 904 525 excusari,
927 486 1130 529 poterunt
1148 475 1250 519 εὐθὺ
1269 492 1344 531 pro
1371 476 1510 530 εὐθύς,
1543 481 1649 534 ἕξορ-

198 544 280 595 μςῖυ
307 551 383 591 pro
413 536 685 589 ’ἐξορμᾶσθαῃ
727 543 771 572 et
808 537 992 588 πατρῷος
1030 547 1107 585 pro
1136 531 1322 588 πάτριος,
1365 535 1520 588 quibus
1573 551 1650 575 suo

197 599 296 636 loco
326 592 513 646 patebit,
546 591 612 629 vel
645 589 781 641 ipsum
807 587 1119 638 Alexandrum,
1152 589 1481 630 eruditissimum
1502 592 1652 631 homi—-

197 665 319 700 nem,
354 662 442 687 non
462 647 623 693 minus,
660 658 783 699 quam
803 644 1112 693 Hannibalem,
1149 646 1216 685 uti
1240 647 1440 698 potuisse.
1500 648 1652 701 Itaque

198 720 300 746 casu
328 706 503 758 potius,
538 715 660 755 quam
695 701 898 748 consilio,
933 701 1091 739 factum
1120 715 1208 741 esse
1239 701 1432 750 videtur,
1465 703 1578 758 quod
1605 703 1651 741 in

150 779 153 781 ·
195 760 455 803 Hannibalis
487 771 699 807 sermone,
731 757 832 795 alias
857 756 1081 809 purissimo
1102 766 1143 796 et
1167 758 1342 799 Luciam*
1359 762 1473 811 stylo
1497 772 1651 799 conve·

195 816 466 858 nientissimo
483 845 494 864 ‚
527 813 680 866 passim
700 811 910 852 dictiones
934 823 1179 862 occurrant,
1213 814 1263 853 de
1281 829 1455 869 quarum
1477 817 1652 870 elegan-

195 874 258 913 tia
291 872 477 914 dubitari
510 880 553 910 et
581 869 870 908 controversia
901 869 1062 908 moveri
1090 870 1239 922 possit.
1300 870 1501 921 Accedit,
1535 869 1651 925 quod

194 930 399 972 Lucianus
419 925 713 966 inSoloecista
735 938 812 962 suo
836 938 921 964 non
948 933 1032 963 tam
1056 925 1171 976 ipsos
1192 927 1466 966 soloecismos
1490 937 1533 966 et
1551 926 1652 966 scri-

195 995 354 1040 ptore5‚
370 983 443 1036 qui
468 996 541 1022 eos
563 980 846 1029 admitterent,
861 981 906 1018 in
928 994 1105 1032 quorum
1135 981 1303 1034 quidem
1339 997 1513 1021 numero
1547 996 1651 1035 quo-

196 1039 658 1082 dammodoLucianum
672 1048 843 1089 quoque
865 1036 1003 1088 ipsum
1023 1036 1155 1076 fuisse
1176 1048 1357 1083 constat,
1374 1052 1492 1092 quam
1506 1038 1651 1091 potius

194 1095 372 1152 putidos
397 1105 440 1135 et
472 1093 639 1133 altioris
662 1091 828 1145 ingenii
863 1092 909 1131 ac
931 1091 1324 1145 spiritus‘expertes
1344 1093 1513 1132 illorum
1535 1103 1651 1131 taxa-

195 1164 331 1201 tores,
363 1151 549 1191 misellos
575 1148 740 1186 scilicet
772 1149 922 1187 aetatis
956 1163 1055 1187 suae
1074 1149 1427 1188 Grammaticulos
1454 1159 1495 1188 et
1517 1149 1653 1188 Criti-

194 1213 336 1257 culos,
369 1206 651 1260 perstringere
677 1203 888 1251 voluisse;
922 1200 974 1242 d'e
1003 1218 1083 1258 qua
1114 1203 1284 1258 quidem
1312 1219 1353 1244 re
1384 1205 1485 1243 alias
1512 1205 1651 1243 fusius

195 1261 444 1318 exponendi
467 1260 634 1301 occasio
656 1258 950 1312 praebebiturz
981 1258 1095 1298 unde
1119 1270 1230 1299 certe
1250 1260 1334 1299 hoc
1357 1259 1550 1311 efficitur,
1581 1274 1651 1300 ne.

197 1335 280 1374 que
314 1321 367 1357 iis
399 1316 687 1364 soloecismis,
723 1315 879 1368 quibus
908 1315 1127 1354 Hannibal
1157 1316 1315 1366 utitur,
1359 1319 1534 1355 multum
1563 1331 1651 1354 mo·

194 1375 328 1415 menti
346 1375 396 1413 ab
421 1382 593 1411 auctore
616 1371 977 1423 tribuitpotuisse.
1041 1371 1163 1424 Quae
1184 1385 1312 1424 quum
1332 1373 1392 1411 ita
1418 1372 1517 1422 sint,
1548 1372 1653 1410 faci-

193 1434 237 1472 le
257 1434 542 1483 conjecturam
564 1427 687 1464 istam
708 1441 841 1465 meam
864 1427 1013 1477 mitto,
1045 1430 1138 1477 vel,
1170 1428 1207 1466 si
1228 1428 1338 1466 tanti
1358 1437 1441 1479 est,
1475 1427 1652 1481 peritio-

195 1486 312 1526 ribus
334 1481 629 1524 excutiendam
647 1482 864 1535 permitto.
904 1483 1060 1521 Lmnvt.

311 1543 410 1595 Pag,
437 1545 529 1583 182.
551 1541 579 1578 1.
602 1544 639 1580 2.
679 1541 743 1593 Τῷ
774 1534 962 1594 ἀδελφῷ)
995 1537 1161 1576 Sororis
1185 1552 1285 1577 suae
1309 1540 1403 1578 viro
1418 1571 1429 1588 ‚
1463 1540 1539 1593 qui
1560 1553 1652 1578 suc·

196 1610 378 1638 cesserat
405 1608 553 1635 socero
573 1594 828 1632 Hamilcari:
862 1594 902 1632 ei
926 1592 1186 1632 Hasdrubali
1214 1609 1365 1633 nomen
1391 1594 1486 1636 fuit,
1547 1594 1647 1633 Vid.

194 1654 338 1709 Polyb.
363 1651 490 1690 initio
510 1649 657 1689 lib.II.
692 1649 830 1689 CLER.
888 1649 1146 1705 Nonfratrz',
1179 1649 1251 1687 sed
1274 1653 1419 1690 sororis
1438 1653 1534 1690 viro.
1576 1649 1652 1688 Vi-

196 1711 249 1750 de
276 1711 366 1748 Liu.
396 1706 517 1746 XXI.
554 1706 722 1744 SOLAN.
783 1704 849 1743 Ad
879 1705 1055 1744 verbum
1090 1705 1216 1744 modo
1246 1707 1401 1744 lectum
1432 1704 1652 1758 ἐξορμήσας

195 1766 300 1805 haec
320 1761 562 1803 observavit
584 1761 630 1798 in
652 1760 752 1802 edit.
773 1761 875 1799 min.
895 1760 1232 1801 Hemsterhusius:
1262 1760 1552 1810 „obliviscitur
1569 1765 1650 1815 ipse

194 1825 258 1861 sui
271 1822 468 1874 praecepti
489 1818 723 1866 Imcianus,
755 1817 980 1856 observante
997 1816 1181 1855 Graevio
1207 1816 1261 1854 ad
1273 1817 1530 1856 Soloecistam
1551 1831 1647 1871 pag.

195 1883 262 1921 74,
287 1880 380 1930 sq.“
440 1872 521 1913 Sed
551 1872 662 1912 idem
682 1882 820 1912 tamen
857 1872 1045 1912 Graevius
1077 1873 1204 1910 simul
1234 1871 1375 1922 addit,
1409 1887 1495 1910 non
1524 1876 1652 1926 plane

195 1933 421 1972 insolitum
450 1930 578 1968 etiam
606 1928 718 1980 apud
756 1929 941 1982 optimos
971 1927 1221 1980 scriptores,
1262 1938 1312 1966 ut
1338 1929 1650 1982 Xenophontem,

197 2004 287 2028 esse
308 2001 430 2026 usum
454 1985 581 2037 hujus
601 1984 719 2023 verbi
743 1984 905 2032 Activi,
937 1993 986 2022 ut
1010 1982 1226 2037 significet
1248 2001 1451 2038 erumpere,
1480 1987 1652 2038 profici-—

198 2048 257 2086 sci
291 2043 346 2082 ad
369 2041 656 2097 expeditionem
681 2040 912 2089 militarem,
955 2039 1237 2089 aufbrechen‚
1271 2040 1646 2079 ausmarschieren.

195 2102 247 2141 ln
281 2101 359 2148 iis,
394 2109 501 2152 quae
524 2105 859 2143 antecesserant,
893 2093 983 2137 ὅσοι
1002 2093 1046 2137 τὸ
1079 2095 1199 2148 μηδὲν
1227 2097 1265 2144 ἐξ
1285 2093 1410 2149 ἀρχῆς
1439 2093 1551 2144 ὄντες
1569 2106 1648 2137 etc·

197 2155 383 2196 offendit
409 2151 629 2191 Articulus
651 2150 716 2203 τὸ,
748 2151 958 2202 incertus,
991 2165 1075 2204 quo
1112 2151 1168 2189 sit
1196 2151 1456 2190 referendus.
1516 2151 1650 2204 Equi-

197 2212 294 2251 dem
314 2225 410 2250 eum
435 2207 488 2247 ad
510 2209 549 2257 ἐξ
572 2205 695 2260 ἀρχῆς
712 2207 888 2247 referam
916 2210 1159 2261 legamque,
1191 2204 1278 2248 ’ὅσοι
1304 2205 1348 2249 τὸ
1369 2208 1415 2257 ἐξ·
1433 2205 1556 2260 ἀρχῆς
1574 2209 1648 2259 μηὲ

198 2272 266 2309 ὁὲν
292 2264 404 2313 ὄντες
422 2273 499 2304 etc.
520 2265 589 2302 vel
611 2263 701 2305 ὅσοι
719 2263 841 2315 μηδὲν
858 2261 901 2304 τὸ
926 2264 964 2316 ἐξ
987 2260 1071 2316 ἆρχ.
1098 2260 1218 2311 ὄντες.
1267 2263 1423 2302 Verum
1442 2277 1650 2316 nusquam

198 2323 298 2361 talis
319 2319 517 2361 lectionis
544 2318 771 2372 vestigium
792 2319 952 2371 reperi:
986 2317 1121 2359 donec
1144 2318 1278 2373 igitur
1296 2318 1544 2371 reperiatur,
1566 2332 1650 2359 ma·

199 2388 299 2417 neat
322 2380 469 2416 saltem
490 2375 593 2413 vitii
618 2374 799 2413 notatio.
837 2375 992 2414 LEnM.
1553 2370 1560 2377 '

313 2431 411 2473 Εαιῐ,
432 2434 459 2471 1.
479 2435 519 2473 4.
558 2428 616 2472 Τὰ
645 2428 791 2485 μεγάλα
819 2427 893 2483 ὅρη
914 2427 1024 2484 etc.)
1051 2431 1291 2484 Deceperat
1313 2430 1563 2482 interpretes
1585 2428 1648 2468 vi-

201 2491 309 2528 tiosa
334 2487 580 2535 distinctio,
613 2496 656 2525 et
686 2500 768 2524 una
795 2486 917 2525 litera
940 2485 1206 2525 redundans:
1239 2486 1446 2526 neminem
1472 2485 1565 2524 fore
1586 2499 1647 2524 ar-

201 2545 363 2592 bitror,
407 2542 483 2595 qui
510 2542 740 2580 lectionem
768 2544 850 2595 jam
885 2541 987 2580 olim
1020 2556 1043 2580 a
1074 2555 1138 2581 me
1167 2541 1392 2594 repositam
1425 2539 1647 2592 improbet.

200 2600 420 2639 Usitatum
440 2606 503 2634 est
522 2599 767 2650 κατατρέχειν
785 2595 952 2647 ἅπαντα,
973 2596 1103 2650 χώραν
1121 2595 1287 2647 πολλὴν,
1303 2594 1376 2647 τὴν
1388 2593 1526 2639 Ἀσίαν
1548 2595 1648 2636 ἅπα-

202 2668 298 2699 σαν·
329 2662 477 2692 contra
502 2652 552 2689 ab
585 2651 732 2691 indole
762 2652 935 2707 linguae
966 2654 1149 2692 Graecae
1185 2651 1382 2691 abhorret
1409 2653 1651 2705 κατατρέχειν

200 2709 295 2762 τοὺς
319 2707 395 2763 τὴν
414 2705 547 2764 χώραν
574 2709 807 2758 οἰκοῦντας·
846 2712 975 2763 longe
1003 2707 1120 2748 aliud
1151 2717 1215 2749 est
1239 2708 1650 2762 κατατρέχειν,’κατα·
