1741 3132
345 200 414 232 1N
450 200 768 231 1>1Aroeos
804 200 1211 232 monrisonnm.
1411 191 1512 235 ‹515›

54 316 150 353 κης,
176 296 404 353 Ἀχερουσία
436 302 525 351 jure
554 298 635 336 sibi
672 298 872 352 colligere
906 298 1173 337 videbantur.
1235 297 1316 337 Sed
1337 297 1513 339 minime

53 356 219 405 dubito,
254 357 356 409 quin
378 370 398 393 a
430 355 673 395 Calli-macho
695 355 862 393 {luxerit
888 356 968 393 ista
990 358 1139 408 glossa,
1172 355 1245 410 qui
1263 364 1410 394 auctor
1431 369 1511 394 no-

53 412 185 453 vandi
205 412 504 451 vocabulorum
522 426 618 449 naus
641 409 752 449 haud
773 411 1018 463 infrequens
1041 412 1151 451 forte
1176 414 1291 450 solus
1310 410 1510 465 antiquo-

50 483 143 508 rum
178 469 382 506 viaticum
413 468 518 506 illud
561 469 771 507 znfernmn
803 465 984 518 ὄανάκην
1014 467 1145 515 dixit,
1181 467 1298 506 oboli
1331 467 1424 507 vice
1455 481 1507 506 eo

48 524 213 563 nummi
244 524 405 564 Persici
437 539 586 578 genere
615 526 784 576 posito,
834 523 949 577 quod
988 524 1161 562 Graecis
1192 538 1278 562 non
1313 523 1507 577 ignotum

49 582 191 636 pretio
213 581 406 634 proxime
437 580 743 632 respondebat:
777 578 890 631 quod
914 592 1054 619 autem
1084 580 1365 633 undecunque
1385 580 1509 619 inve-

48 638 252 692 stigatum
283 637 444 676 Natalis
481 636 613 676 Comes
638 636 831 687 scripsit,
868 650 1010 675 versus
1037 650 1126 675 esse
1155 650 1206 676 ex
1237 636 1395 675 Hecale
1428 634 1506 674 de-

45 704 262 746 promta,
296 693 575 732 certissimum
600 693 804 743 arbitror3
838 693 881 730 in
909 693 1063 744 quibus
1085 702 1180 742 post
1199 692 1505 731 limatissimam

47 748 271 791 Gasauboni
298 763 437 787 curam
470 748 519 787 ad
550 749 779 788 Strabonem
808 758 849 787 et
883 750 1043 788 leeocr.
1076 750 1198 787 Lect.
1225 762 1259 788 c.
1283 748 1357 786 IV.
1393 747 1503 787 nihil

43 809 153 845 ultra
174 816 338 844 tentare
361 804 564 845 debuerat
582 805 755 844 Salmas.
777 804 828 843 de
851 805 975 845 Usur.
1001 820 1041 856 p.
1063 810 1161 849 427.
1220 804 1271 843 In
1295 817 1345 842 eo
1368 806 1504 842 solum

43 876 67 902 a
90 861 319 902 casaubono
340 860 570 910 dissentio,
605 860 719 914 quod
743 862 924 911 proferri
948 861 1025 900 hos
1050 875 1216 911 versus,
1250 877 1326 900 non
1347 862 1441 913 quia
1464 862 1504 898 in

43 917 125 958 illis
158 933 248 957 voce
271 914 450 971 δανᾶκης
475 935 567 956 usus
598 919 649 956 sit
673 919 813 970 poeta,
846 917 913 956 sed
943 918 997 955 acl
1030 920 1362 972 corfirmaiionem
1385 918 1507 954 moris·

39 973 318 1023 existimarit,
352 988 444 1012 cum
465 974 570 1012 mihi
603 975 705 1012 satis
731 983 920 1024 apertum
944 973 1167 1022 videatur,
1203 973 1362 1022 tribus,
1398 985 1504 1024 quos

40 1029 207 1085 egregie
228 1029 400 1068 refinxit
416 1061 426 1079 ‚
461 1029 637 1084 adjungi
662 1029 814 1068 debere
835 1029 1007 1068 initium
1036 1031 1177 1084 quarti
1197 1043 1343 1070 versus
1368 1025 1497 1070 Δανὼ

38 1103 116 1140 κην
143 1107 213 1126 -,
267 1086 454 1124 Dixerat
481 1085 683 1125 Iuvenalis

257 1165 314 1171 -—
343 1157 412 1181 nec
430 1141 566 1192 habet,
599 1158 710 1197 quem
723 1145 904 1195 porrigat
924 1159 988 1182 ore
1009 1145 1196 1192 hiemem,

37 1199 257 1237 nummulo
279 1197 526 1251 designato:
557 1198 781 1250 Propertius
801 1202 946 1248 paullo
965 1200 1107 1237 laxius
1135 1199 1204 1236 IV.
1231 1198 1299 1236 El.
1320 1200 1393 1248 11,
1416 1199 1457 1239 7.

263 1253 374 1293 Vota
391 1265 543 1293 movent
565 1269 743 1307 superos:
776 1254 842 1293 ubi
858 1257 1027 1307 portitor·
1053 1271 1144 1293 aera
1166 1256 1306 1308 recepit

319 1309 485 1350 obserat
506 1310 688 1349 herbosos
711 1309 844 1349 lurida
860 1322 977 1363 porta
999 1326 1138 1364 rogos:

39 1381 150 1422 quae
169 1365 410 1420 posteriora
431 1379 603 1415 vereor,
639 1375 684 1403 ut
705 1381 726 1404 a
751 1379 963 1419 quoquam
995 1366 1215 1406 commode
1235 1364 1405 1419 possint
1424 1378 1502 1403 ex-

36 1424 203 1479 plicari.
264 1420 511 1462 Passeratius
539 1422 742 1461 umbrosos
776 1437 890 1475 rogos
909 1421 1024 1461 unde
1044 1423 1223 1470 eruerit,
1257 1435 1344 1460 uon
1378 1433 1504 1472 repe-

35 1481 126 1520 rio:
159 1487 271 1519 certe
300 1478 554 1518 mirabiliter
577 1477 905 1530 interpretatur,
938 1478 1040 1516 unde
1067 1478 1213 1517 multae
1229 1478 1388 1516 umbrae
1406 1491 1502 1516 evo-

34 1536 192 1578 lamiis
215 1536 447 1585 eaestinctis3
487 1547 610 1587 quam
646 1532 765 1572 vocis
801 1532 1039 1572 inauditam
1077 1543 1333 1586 potestatem
1364 1545 1500 1571 sermo

34 1591 245 1640 Latinus,
285 1588 435 1639 credo,
477 1588 681 1631 fastidiet.
741 1589 836 1644 Ego
867 1589 1123 1630 minuendae
1157 1588 1424 1629 difficultatis
1454 1588 1502 1628 in

37 1646 337 1690 emendatione
368 1649 457 1684 sola
480 1660 593 1697 spem
624 1659 768 1698 pono:

257 1701 424 1741 obserat
441 1701 645 1741 umbrosas
663 1700 797 1740 lurida
816 1711 932 1754 porta
953 1700 1089 1741 domos
1102 1718 1116 1741 .-

37 1756 391 1815 quemadmodum
413 1756 543 1807 alibi,

252 1814 538 1867 Nigraniesque
565 1812 704 1853 domos
725 1815 947 1852 animarum
975 1814 1140 1852 intrasse
1157 1812 1361 1853 silentum.-

35 1885 210 1915 sensum
229 1883 354 1909 nemo
378 1869 529 1908 melius
555 1869 876 1922 explanaverit,
911 1883 1034 1922 quarn
1058 1869 1277 1922 Theognis,

260 1926 445 1974 Κυανέας
463 1942 502 1967 τε
520 1923 650 1973 πύλας
669 1927 962 1980 παραμείψεται
974 1957 985 1977 ,
1015 1925 1096 1967 αἵτε
1114 1923 1334 1967 θανόντων

324 1980 467 2034 Ψυχὰς
493 1983 695 2037 εἴργουσιν
710 2011 721 2030 ,
752 1983 896 2034 καίπερ
920 1976 1208 2034 &vomentes-vag·

38 2056 118 2083 nec
143 2039 276 2079 facile-
295 2037 546 2093 quicquam,
582 2037 696 2092 quod
721 2037 936 2090 prioribus
958 2037 1100 2089 aptius
1121 2036 1404 2091 adjungatur,
1436 2038 1500 2077 in-

38 2097 197 2139 venies.
256 2095 385 2133 Hunc
408 2107 508 2133 vero
528 2093 710 2133 mortuis
731 2092 1015 2146 imponendae
1033 2093 1159 2146 stipis
1180 2108 1350 2144 morem,
1377 2108 1501 2147 quem

39 2154 152 2193 inter
177 2152 284 2191 alios
304 2153 385 2202 jam
407 2149 648 2189 obsoletum
682 2148 795 2201 apud
817 2148 1102 2188 Athenienses
1122 2163 1197 2188 sua
1217 2150 1343 2188 etiam
1367 2159 1504 2189 aetate

39 2208 320 2263 permansisse
340 2214 462 2244 notat
483 2204 722 2245 Scholiastes
738 2204 960 2254 Juvenalis,
995 2204 1126 2244 hodie
1146 2206 1336 2245 retinent
1356 2204 1505 2245 Tatari

40 2263 308 2319 Wogulskii,
340 2265 568 2315 pluresque
585 2261 785 2299 barbarae
809 2270 968 2315 gentes,
1001 2270 1049 2299 ut
1068 2260 1298 2313 perhibent
1318 2262 1504 2315 scripto-

39 2335 106 2362 res
125 2318 460 2359 Itinerariorum.
519 2317 612 2358 Jam
638 2315 752 2370 quod
777 2315 904 2354 duum
930 2316 1167 2368 obolorum,
1198 2317 1271 2372 qui
1294 2317 1507 2358 Charonti

42 2377 131 2417 sint
154 2373 373 2419 tradendi,
403 2373 566 2413 mentio
589 2373 662 2411 fiat
692 2372 738 2411 in
760 2373 968 2426 Aristoph.
993 2373 1102 2411 Rau.
1125 2388 1166 2414 v.
1190 2378 1283 2417 140.
1304 2379 1402 2418 272.
1419 2373 1506 2428 joci

43 2432 180 2488 gratia
203 2443 421 2468 numerum
446 2427 680 2482 duplicari,
711 2438 762 2467 ut
779 2427 850 2470 τὸν
871 2428 1103 2471 δικαστικὸν
1128 2429 1277 2482 μισθὸν
1293 2430 1503 2479 traducat,

43 2488 270 2527 manifesto
295 2485 434 2538 liquet
467 2498 520 2524 ex
540 2499 582 2527 v.
605 2489 698 2528 141.
720 2482 849 2539 idque
880 2485 986 2524 bene
1011 2485 1255 2525 scholiastae
1283 2498 1505 2540 perspexe-

44 2542 169 2592 runt;
203 2542 395 2597 quamvis
417 2554 561 2581 eorum
579 2554 692 2580 unus
705 2570 717 2589 ,
749 2539 831 2595 ἅμα
851 2540 918 2583 διὰ
935 2540 980 2583 τὸ
1000 2540 1235 2596 λεγόμενον,
1267 2541 1326 2585 ὅτι
1343 2548 1428 2591 τοῖς
1446 2549 1507 2583 vt.-

45 2605 159 2654 κροῖς
181 2600 245 2641 ἐπὶ
267 2603 343 2639 τοῦ
362 2596 557 2651 στόματος
578 2596 772 2652 βάλλουσι
803 2596 878 2640 δύο
901 2595 1072 2652 ὄβόλους
1090 2607 1167 2638 etc.
1186 2599 1366 2650 soribat,
1399 2597 1510 2637 anti-

50 2668 161 2708 quae
191 2653 517 2695 consuetudinis
550 2654 826 2708 ignoratione
851 2653 977 2693 nimis
1007 2668 1105 2708 erga
1133 2654 1387 2708 portitorem
1415 2666 1508 2693 ava·

49 2724 142 2751 rum
157 2708 362 2763 liberalis.
417 2709 551 2750 Aliud
571 2719 674 2763 erat,
705 2710 742 2749 si
763 2708 815 2749 ad
835 2712 972 2751 lucem
992 2709 1043 2752 ab
1065 2710 1218 2752 inferis
1241 2708 1509 2752 remeandum
