1741 3132
376 262 446 292 IN
481 263 797 295 DIALoc-os
835 268 1237 309 MOR'MJORUM.
1434 275 1532 321 492)

73 370 166 395 tum
204 365 293 397 tum
331 358 513 412 primum
549 362 859 403 renascentium
897 366 1135 410 rudimenta
1178 373 1279 413 satis
1307 389 1524 425 excusant.

66 409 289 468 Ἐκφέρειν
320 429 390 463 ea,
440 429 521 470 qua
557 418 718 469 voluit,
761 429 971 473 potestate
1003 437 1185 467 sumtum
1216 431 1322 470 mihi
1352 437 1522 489 quidem

70 483 161 508 non
187 470 460 523 adprobabit.-
494 472 564 511 hic
586 484 709 523 certe,
741 476 777 514 si
800 487 958 518 rectum
982 482 1114 533 foret,
1147 487 1396 530 vertendum
1416 506 1519 544 erat,

67 525 287 579 plaustrum
311 527 439 567 bovem
459 545 570 582 saepe
590 531 712 584 qfflrt,
745 534 898 588 ejusque
915 536 1050 590 fimus
1072 539 1192 580 ducit.
1254 545 1361 584 Tum
1383 562 1519 605 neque

69 581 177 620 illud
202 583 301 621 satis
325 585 557 634 commode,
578 600 657 625 nec
677 589 727 625 ad
748 589 966 643 ingenium
977 592 1150 648 linguae
1171 598 1367 652 Graecae,
1401 608 1519 658 quod.

66 640 322 690 paroemiam
362 638 474 679 hunc
506 643 549 679 in
580 641 749 683 modum
779 645 984 698 integram
1025 650 1194 703 reddat,
1228 654 1255 708 ἡ
1283 655 1413 709 ἅμαξα
1443 663 1517 706 τὸν

68 696 174 746 βοῦν
193 693 367 736 ἐλαύνει·
410 698 528 750 sequi
559 696 758 739 debuerat
788 701 1093 745 Grammaticos
1123 723 1396 765 praeeuntes,
1438 720 1515 772 qui

64 750 164 792 ἕλκει
186 754 251 790 vel
271 750 493 803 adjiciunt,
510 756 575 792 vel
593 756 874 808 supplendum
889 773 976 800 esse
998 775 1183 804 monent.
1214 769 1341 811 Mica.
1363 775 1512 826 Apost.

67 805 116 844 C.
139 806 217 845 IX.
241 822 283 847 n.
303 812 368 851 66.
425 804 489 849 ‘H
508 807 638 862 ἅμαξα
666 811 734 854 τὸν
762 816 891 867 βοῦν)
930 819 1075 861 Asina
1103 819 1147 862 τὸ
1179 823 1306 865 ἕλκει·
1344 828 1408 870 ἐπὶ
1433 836 1514 873 τῶν

63 859 416 917 ἆντεστραμμὲνως
443 882 480 906 τι
509 864 754 910 ποιούντων·
793 870 1028 925 Diogenian.
1067 875 1115 915 C.
1148 878 1224 917 ΙΙΙ.
1256 895 1298 921 n.
1324 889 1390 927 30,
1432 900 1512 926 nec

60 918 212 958 Graeci
237 929 420 970 tantum,
453 921 523 961 sed
545 931 585 961 et
609 934 817 965 nostrates
837 927 919 966 hoc
941 931 1033 982 ipso
1067 931 1249 973 similive
1278 941 1509 990 proverbio

58 988 197 1013 rerum
219 974 409 1016 ordinem
435 977 648 1018 inversum
669 993 1071 1039 praeposterumque
1092 990 1332 1043 significare
1352 1000 1506 1040 solent.

55 1029 159 1070 Non
180 1031 260 1071 alia
277 1031 454 1072 Luciam:
469 1049 584 1073 meus
601 1066 612 1085 ,
649 1038 723 1089 qui
742 1052 842 1077 sane
866 1039 979 1078 nihil
1008 1042 1079 1081 hio
1110 1045 1350 1101 discrepans
1382 1054 1508 1092 indi-

56 1088 316 1137 carehvoluit
336 1088 387 1128 ab
421 1090 514 1128 istis
544 1091 917 1143 praecedentibus,
958 1095 1286 1153 ἀναστρέφεσθαι
1313 1108 1354 1148 δὲ
1382 1114 1508 1161 μηδα-

53 1146 166 1195 μῶς,
198 1153 240 1182 et
259 1143 344 1186 ἅνω
364 1144 438 1200 γὰρ
460 1152 653 1199 ποταμῶν
674 1148 792 1191 τοῦτό
810 1168 868 1205 γε.
927 1152 1019 1193 Jam
1042 1156 1076 1193 si
1108 1157 1217 1198 hanc
1248 1167 1504 1206 sententiam

52 1201 179 1238 nostri
208 1200 457 1254 scriptoris,
510 1203 574 1241 uti
610 1203 752 1255 decet,
802 1220 879 1260 pro
900 1213 1124 1262 explorata
1155 1223 1318 1266 teneas,
1361 1223 1503 1261 locum

53 1255 164 1294 tueri
184 1258 337 1310 nequit
363 1272 671 1311 supervacuum
694 1261 799 1300 illud
819 1294 828 1312 ,
862 1265 964 1317 quin
990 1266 1076 1305 imo
1105 1270 1324 1321 putidum,
1356 1278 1505 1319 πολλά-

48 1326 115 1360 ηις
134 1313 318 1367 ἐκφέρει·
352 1314 445 1367 quis
475 1329 665 1368 unquam
686 1317 738 1355 iis
762 1319 900 1358 verbis
924 1331 995 1360 aut
1016 1321 1197 1373 additis,
1227 1339 1301 1367 aut
1322 1331 1374 1369 ad
1394 1333 1505 1374 inte,

47 1367 247 1421 grandam
268 1370 523 1422 paroemiam
546 1381 608 1410 est
645 1374 778 1412 usus?
820 1374 1057 1429 Quocirca,
1099 1390 1148 1418 ut
1179 1382 1336 1435 dicam,
1385 1391 1503 1441 quod

43 1436 111 1462 :res
133 1433 214 1470 est.
249 1424 518 1475 vehementer
541 1428 755 1480 suspicor,
789 1429 1082 1473 adsumentum
1110 1435 1244 1478 hocce
1270 1441 1322 1479 ab
1353 1444 1503 1487 indole

43 1480 265 1531 proverbii
285 1490 369 1520 tam
391 1483 574 1522 alienum
599 1484 744 1523 deberi
766 1485 942 1526 incauto
971 1492 1146 1543 lectori,
1187 1495 1285 1548 qui,
1327 1499 1403 1538 ubi
1432 1503 1502 1540 fu-

43 1547 194 1574 nerum
215 1535 503 1576 ducendoruim
525 1540 783 1580 mentionem
804 1541 895 1581 fieri
919 1544 1106 1598 videbat,
1141 1549 1386 1593 istiusmodi
1408 1571 1501 1597 ver·

45 1588 145 1630 hum
163 1592 290 1632 nimis
313 1593 546 1634 liberaliter
578 1595 798 1638 adtexuit:
830 1602 1058 1640 resecueris
1081 1605 1277 1646 inutilem
1305 1611 1495 1663 caudam,

0 1643 1 1649 ’
43 1657 203 1701 quanto
231 1648 457 1689 rotundius
491 1661 618 1705 atque
648 1653 839 1692 ornatius
868 1656 1007 1695 exibit
1038 1661 1212 1700 oratio?
1257 1669 1351 1706 Νῦν
1380 1669 1421 1709 δὲ
1451 1669 1496 1712 τὰ

41 1706 114 1754 τῆς
133 1707 372 1758 παροιμίας,
400 1702 463 1747 ‘H
478 1703 606 1760 ἅμαξα
622 1705 693 1750 τὸν
712 1711 833 1763 βοῦν.
867 1710 1029 1751 Confer
1045 1713 1221 1758 initium
1238 1720 1356 1762 Dial.
1370 1723 1495 1766 VIH.

38 1757 224 1800 Hnms'r.

155 1815 255 1866 Pag.
282 1819 375 1861 155.
406 1820 435 1856 1.
469 1824 504 1861 1.
541 1815 820 1876 Ἑπιχαίρετε)
858 1825 1020 1865 Melius
1049 1828 1273 1882 ἐπιχαίνετε.
1315 1833 1496 1877 Bomm.

40 1865 321 1912 Bour-delotius
340 1882 452 1913 recte
473 1873 606 1925 vidit,
639 1878 865 1931 legendum
889 1895 978 1922 esse
1003 1879 1222 1939 ἀλλοτρίοις
1251 1890 1492 1946 ἐπιχαίνετε,

41 1928 183 1968 alienis
200 1928 378 1968 inhiatis:
409 1939 452 1968 et
482 1929 649 1970 firmant
676 1945 872 1987 excerpta
901 1937 988 1980 Ms.
1029 1941 1248 1995 vulgatum
1278 1947 1495 2001 ἕπιχαίρετε

29 1993 107 2025 Αεπ
129 1984 179 2022 ab
202 1983 404 2023 hocloco
429 1986 749 2029 alienissimum.
785 1992 962 2035 Gmuzv.
998 1992 1262 2050 Ἐπιχαίνετε)
1293 2003 1492 2045 Genuina

41 2039 147 2080 haec
162 2040 293 2079 lectio
315 2041 526 2094 reperitur
551 2043 596 2081 in
621 2046 706 2084 Ms.
734 2047 806 2088 Gr.
830 2049 877 2089 P.
898 2051 949 2091 L.
978 2061 1018 2089 et
1039 2053 1103 2095 ed.
1127 2054 1165 2093 J.
1222 2056 1410 2113 Usurpat
1428 2072 1489 2101 et-

41 2095 126 2134 iam
157 2096 359 2137 Demosth.
392 2111 431 2150 p.
453 2112 506 2136 m·
531 2105 627 2144 278.
654 2103 703 2140 A.
742 2104 794 2141 In
826 2106 1003 2157 reliquis
1032 2121 1229 2164 corrupte
1258 2115 1491 2171 ἐπιχαίρετε.

41 2149 190 2190 eodem
204 2151 412 2191 vocabulo
433 2168 535 2193 usus
554 2157 703 2196 estsub
726 2158 849 2198 finem
863 2161 982 2206 Dial,
1006 2167 1198 2217 praeced.
1215 2171 1257 2210 οἵ
1274 2171 1315 2212 δὲ
1335 2189 1492 2226 apuam-
1515 2207 1519 2211 .

42 2209 189 2249 ίτωσαν
223 2204 348 2249 αὐτοῦ
386 2211 516 2263 μάτην
550 2211 809 2266 ἐπιχανόντες.
864 2216 1032 2259 Soram.
1101 2219 1369 2278 Ἐπιχαίνετε,
1408 2242 1489 2283 pro

41 2265 218 2316 vulgato
240 2265 473 2316 ἐπιχαίρετε,
505 2276 588 2306 tam
613 2280 780 2321 promta
804 2274 1069 2327 emendatio,
1101 2288 1149 2316 ut
1179 2295 1232 2320 ne
1258 2282 1492 2326 Bous-delo·-

41 2320 140 2357 tium
159 2317 327 2371 quidem
349 2319 569 2375 effugerit:
602 2338 718 2363 suam
748 2327 840 2378 ipse
857 2331 1120 2372 locutionem
1141 2335 1269 2377 facile
1287 2338 1492 2383 defendet

39 2373 212 2422 Lucian.
246 2375 363 2413 Dial-
386 2377 622 2430 superiore,
653 2380 782 2434 μάτην
814 2386 1083 2438 ἐπιχανόντες·
1128 2393 1233 2431 etin
1259 2395 1367 2438 Tim.
1392 2400 1488 2440 ἔπι-

39 2428 248 2487 κεχηνότες
263 2429 390 2484 μόνον
407 2438 464 2489 τῷ
480 2438 642 2492 χρυσίῳ.
677 2441 853 2478 alterum
882 2442 957 2481 vix
988 2444 1220 2499 Graecum3
1258 2449 1489 2494 dicendum

39 2485 199 2536 fuerat,
233 2483 451 2543 ἀλλοτρίοις
479 2498 619 2539 κακοῖς
643 2494 879 2549 ἐπιχαίρετε,
920 2501 1267 2551 quemadmodum
1289 2508 1334 2546 in
1366 2509 1489 2550 Jam-

40 2540 162 2580 hlicln·
179 2543 313 2585 Protr.
377 2544 504 2600 Μόνη
525 2546 599 2601 γὰρ
620 2546 719 2602 αὕτη
742 2553 966 2605 ἐπιστημῶν
985 2558 1050 2598 καὶ
1069 2565 1219 2611 τεχνῶν
1240 2562 1333 2605 οὔτε
1353 2567 1488 2608 ἐπιλυ-

39 2603 168 2638 πεῖται
205 2594 377 2651 ἀγαθοῖς
416 2597 656 2656 ἀλλοτρίοις,
716 2605 804 2649 οὔτε
840 2610 1028 2665 ἐπιχαίρει
1070 2623 1211 2666 κακοῖς
1237 2623 1317 2661 τῶν
1344 2623 1485 2671 πέλας·

37 2652 153 2692 unde
194 2655 418 2706 pessimum
471 2657 694 2699 hominum
738 2676 871 2716 genus
912 2670 1202 2723 ἐπιχαιρέκακοι
1232 2687 1334 2716 sunt
1363 2677 1481 2719 dicti.

30 2707 233 2747 Ceterum
256 2720 316 2748 est
339 2711 390 2751 ad
410 2712 746 2768 heredipetarum
769 2722 983 2761 materiam
1005 2724 1065 2763 ita
1086 2732 1344 2771 conveniens
1365 2734 1490 2772 Liba-

36 2766 95 2803 nii
111 2766 229 2805 locus
241 2766 291 2806 T.
311 2767 346 2809 Ι.
368 2782 412 2821 Ρ.
434 2774 530 2813 947.
546 2774 596 2811 A.
629 2782 678 2812 ut
696 2773 960 2818 describendi
978 2780 1162 2823 laborem
1174 2787 1490 2844 subterfugien-

1099 2840 1216 2886 Iiss
