1741 3132
406 231 469 263 m
503 228 818 263 DIALOGOS
853 229 1126 262 DEORUM.
1402 220 1503 268 395

47 330 170 380 ditis,
202 327 370 384 Etymol.
392 338 433 368 et
446 327 622 369 suidas
611 343 653 366 in
679 325 910 381 Κύλλαρος,
940 328 1018 395 qui
1041 328 1124 366 sibi
1148 331 1293 369 collati
1316 339 1502 370 mutuam

47 401 216 439 operam
248 395 483 438 praestant:
516 386 560 423 in
589 386 663 424 ino
696 399 773 437 plo
795 382 939 438 ”Ηραν
969 379 1006 425 δ’
1035 381 1108 434 Ἐξ
1112 383 1281 438 αλιθον,
1315 402 1399 441 quo
1431 403 1504 426 no·

45 443 160 482 mine
181 445 343 481 nullum
367 457 518 496 equum
543 441 712 479 noverit
743 441 975 495 antiquitas
1006 450 1119 490 tota,
1157 457 1315 495 repone
1338 444 1380 486 ὁὲ
1404 442 1506 489 Ξάι-

45 505 148 550 θον,
180 513 384 551 sponsore
411 498 680 552 Plzilargyrio,
714 497 786 550 qui
820 511 897 550 pro
933 497 1217 536 Grammatico
1254 501 1357 537 satis
1393 516 1506 539 arro·

46 565 195 609 gauter
213 555 360 594 scribit
376 554 427 592 acl
442 556 594 608 Georg.
611 554 693 602 ΙΙΙ,
708 557 775 597 89.
799 556 937 607 ροὶῑίαε
952 552 1377 608 Graeculo.s·sal›ula1·i,
1392 558 1506 595 Xan—

48 611 169 649 thum
201 621 243 651 et
279 611 496 663 Cyllarum
527 624 658 663 equos
688 610 939 660 Neptunum
971 610 1135 650 junoni
1169 611 1356 662 dedisse,
1390 616 1507 652 illam

48 667 219 707 Castori
250 677 291 707 et
322 667 501 708 Polluci.
561 666 699 705 Verba
732 665 939 719 Polyaeni,
972 668 1071 718 quia
1105 667 1215 705 vitio
1247 681 1384 707 carere
1417 685 1506 708 non.

46 723 275 769 videntur,
309 722 562 776 producam:
605 722 641 761 is
675 723 978 761 Aristomenem
1007 737 1100 760 cum
1133 723 1339 762 facinoris
1370 727 1505 775 socio,

48 789 98 818 ut
129 778 494 818 Lacedaemonios
525 779 704 818 mentita
733 780 874 832 specie
903 779 1090 828 falleret,
1132 780 1328 819 sumsisse
1359 782 1508 850 Casto-

46 850 139 875 rum
162 835 334 874 habitus
355 836 482 874 refert
502 836 562 876 II.
584 850 619 874 c.
644 841 709 879 31.
736 836 775 887 §-
802 840 842 878 4.
863 839 1014 876 λευκων
1041 837 1177 876 ι’ππων
1203 838 1266 877 ἐπ
1256 837 1399 890 βησαν
1430 836 1511 889 ἅμ-

47 909 135 944 φω,
166 893 234 933 καὶ
259 897 344 939 ταῖς
376 897 570 943 κεφαλαῖς
598 889 895 945 περιεθηκάτην
916 895 1092 945 χρυσοῦς
1121 888 1307 945 ἀστέρας·
1341 896 1510 947 perspi-

46 962 170 986 cuum
189 957 277 994 est,
309 947 487 988 deficere
516 948 773 987 vocabulum
795 947 935 997 aliud,
970 949 1041 987 cui
1068 950 1298 987 convenire
1316 953 1511 1003 proxime

18 1030 20 1032 -
46 1003 196 1044 debeat
213 1004 483 1058 περιτιθέναι·
515 1019 610 1043 nam
631 1009 825 1056 κεφαλαῖς
845 979 1094 1058 περιτιθέναι
1110 1018 1201 1045 αστε
1186 1006 1290 1058 έρας,
1315 1007 1510 1060 quamvis

46 1062 166 1112 ξίφος
189 1065 452 1115 περιεζῶσθαι
480 1075 546 1099 me
578 1075 666 1100 non
697 1061 862 1115 fugiat,
897 1064 1021 1112 plane
1053 1060 1200 1099 durum
1233 1072 1317 1102 est:
1360 1066 1439 1114 jam
1472 1062 1510 1101 si

45 1119 190 1165 πίλους
212 1117 507 1172 intexjnngas,
537 1123 624 1165 ταῖς
651 1123 843 1168 κεφαλαῖς
870 1120 1013 1166 πίλους
1036 1117 1331 1171 περιεθηκάτην
1362 1136 1428 1159 και
1447 1137 1506 1173 χρ.

46 1171 84 1214 ἆ.
121 1187 187 1211 ies
217 1173 299 1210 erit
329 1173 374 1210 in
406 1173 539 1221 vado;
571 1173 686 1212 sicut
716 1173 881 1213 Homer.
913 1174 964 1211 Il.
1001 1179 1061 1215 M.
1094 1179 1189 1216 320.
1224 1197 1275 1204 -
1307 1177 1439 1217 ε’δουσί
1468 1192 1511 1218 τε

45 1231 170 1270 πίονα
186 1233 293 1280 μῆλα
316 1227 429 1271 οἶνον
446 1225 482 1270 τ’
506 1230 661 1278 ἔξαιτον
690 1252 747 1261 --
778 1229 828 1268 de
851 1243 934 1282 quo
953 1244 1106 1284 genexe
1129 1233 1248 1281 plura
1275 1230 1400 1270 docet
1422 1232 1511 1271 'Eu-

45 1286 163 1325 stam.
184 1300 227 1337 p.
243 1289 338 1327 907.
363 1284 585 1324 confirmat
602 1286 753 1324 similis
775 1285 996 1324 Pausaniae
1012 1289 1144 1336 locus,
1177 1286 1268 1334 ubi,
1302 1287 1416 1339 quod
1437 1288 1510 1327 hic

44 1341 308 1379 Aristomeni
339 1344 516 1395 ejusque
547 1341 704 1391 amico,
737 1341 970 1380 Messeniis
999 1343 1204 1394 Gonippo
1237 1352 1279 1381 et
1300 1344 1510 1383 Panormo

47 1396 258 1436 tribuitur
274 1396 349 1436 lib.
369 1397 445 1436 IV.
467 1411 507 1448 p.
529 1401 626 1441 344.
672 1397 790 1438 Philo
811 1397 904 1436 Jud.
927 1399 980 1436 L.
1007 1397 1059 1435 ad
1083 1397 1130 1437 C.
1154 1411 1194 1450 p.
1224 1404 1343 1443 1003.
1367 1401 1514 1449 πίλους

48 1454 113 1495 ἐπὶ
142 1456 215 1505 τῆς
237 1457 416 1505 κεφαλῆς
445 1452 663 1506 ἐλαμβανε,
695 1450 813 1494 ὁπότε
831 1451 996 1495 ἀσκοῖτο
1024 1456 1080 1501 εἰς
1107 1453 1407 1509 Διοςκούρους·
1440 1471 1514 1495 ne·

48 1523 131 1562 que
154 1511 264 1548 solet
285 1509 408 1548 aliter
419 1508 653 1564 Polyaenus,
685 1512 818 1551 πίλιον
838 1515 995 1566 κεφαλῇ
1015 1511 1277 1564 περιθέμενος
1296 1513 1372 1551 VI.
1393 1526 1428 1553 c.
1447 1518 1513 1556 12.

48 1567 183 1604 Porro
206 1565 400 1603 salutaris
424 1578 584 1616 eorum,
616 1579 741 1619 quam
764 1553 1068 1619 navigantibus
1089 1568 1408 1621 praestiterunt,
1442 1584 1514 1607 cu·

47 1636 109 1672 ra,
138 1630 188 1659 ut
210 1631 272 1659 eat
292 1620 463 1675 quidem
486 1621 575 1671 ina,
599 1621 843 1674 praesertim
866 1622 981 1674 apud
1004 1628 1167 1674 poetas,
1200 1625 1511 1677 cognitissima,

50 1678 112 1716 sic
131 1687 288 1729 tamen,
311 1676 425 1716 unde
445 1675 497 1714 ad
518 1691 591 1716 eos
615 1691 794 1731 quamve
816 1677 869 1716 ob
895 1693 1081 1717 caussam
1104 1678 1342 1729 defluxerit,
1364 1695 1514 1733 parum

51 1742 235 1774 constat.
294 1733 433 1771 Initio
468 1732 688 1771 sciendum
720 1743 806 1781 est,
839 1733 1014 1772 eandem
1045 1734 1202 1774 obiisse
1224 1736 1343 1775 Deos
1371 1737 1515 1777 Samo-

49 1789 218 1829 thracas
244 1788 532 1852 provinciam.
564 1798 731 1841 praeter
763 1790 983 1839 Hymnum
1013 1790 1257 1842 Orpheum,
1292 1795 1413 1843 cujus
1446 1807 1514 1831 su·-

51 1860 128 1899 pra
153 1845 444 1894 meminimus,
473 1844 738 1908 Apollonium
757 1844 835 1886 Rlz.
859 1845 895 1890 Ι
915 1850 1009 1889 918.
1034 1848 1211 1900 ejusque
1233 1847 1366 1889 Schol.
1390 1852 1514 1901 plena

52 1911 234 1940 testatur
257 1911 323 1940 tot
352 1900 508 1939 tabulis
533 1900 695 1939 votivis
725 1901 1038 1952 Samothracia,
1072 1916 1175 1955 quas
1196 1903 1411 1957 Diagoras
1445 1908 1517 1945 ille

53 1958 241 2006 B'Ieiius,
272 1957 400 1995 homo
416 1956 607 2009 sapiens,
641 1956 864 2007 irridebat,
896 1933 1170 2008 adspernatus
1193 1969 1275 1997 tam
1299 1961 1425 2000 futile
1445 1961 1519 1999 di-

54 2014 182 2053 vinae
200 2012 500 2078 providentiae
522 2012 835 2052 documentum.
888 2013 1006 2067 Quid
1031 2014 1166 2068 ergo?
1199 2031 1251 2054 an
1276 2016 1418 2056 denuo
1439 2018 1518 2057 Ca·

57 2079 194 2109 storas
215 2069 430 2107 imminuti
453 2068 705 2108 cabirorum
727 2069 834 2122 juris
854 2083 948 2108 reos
969 2071 1197 2110 tenemus?
1229 2072 1323 2110 Hac
1345 2072 1519 2125 quidem

59 2126 107 2163 in
131 2135 251 2178 palte
283 2125 493 2163 succurrit
521 2125 786 2177 aliquantum
819 2125 989 2166 Dioclor.
1013 2127 1261 2192 Sic.IV,13
1287 2134 1379 2171 172.
1402 2130 1453 2168 Α.
1478 2139 1520 2168 et

59 2180 172 2220 tanti
203 2180 392 2219 criminis
423 2180 629 2218 invidiam
658 2180 928 2233 deprecatur:
962 2196 1116 2235 operae
1138 2184 1320 2235 pretium
1351 2194 1414 2222 est
1433 2200 1520 2224 rem

59 2243 295 2276 memoratu
324 2236 494 2290 dignam
527 2250 798 2300 cognoscere.
861 2237 969 2276 Cum
998 2246 1089 2276 orta
1106 2248 1357 2291 tempestate
1377 2243 1522 2295 Argo-

60 2302 217 2333 nautae
237 2307 399 2330 summo
417 2301 684 2331 versarentur
705 2290 750 2330 in
772 2292 1031 2344 discrimine,
1060 2293 1256 2346 Orpheus
1279 2295 1438 2335 dicitur
1456 2312 1522 2337 so-

60 2351 127 2388 lus
153 2349 350 2387 initiatus
376 2346 629 2401 ποιήσασθαι
655 2354 740 2396 τοῖς
756 2351 992 2416 Σαμοθραξὶ
1018 2366 1088 2398 τας
1107 2348 1208 2405 ὑπὲρ
1229 2369 1301 2404 της
1322 2356 1522 2409 σωτηρίας

65 2401 204 2457 εὐχάς·
237 2403 365 2452 εὐθύς
388 2405 429 2446 δὲ
449 2408 522 2446 τοῦ
541 2402 768 2458 πνεύματος
791 2402 995 2456 ἐνδόντος,
1025 2407 1094 2448 καὶ
1114 2409 1231 2449 δυοῖν
1262 2407 1438 2463 αστὲρων
1458 2411 1521 2451 ἐπὶ

62 2459 133 2508 τὰς
153 2466 230 2502 τῶν
251 2459 512 2512 Διοςκούρων
530 2459 707 2512 κεφαλὰς
737 2458 1026 2511 ἐπιπεσόντων,
1059 2477 1202 2502 omnes
1221 2473 1394 2518 stupore
1420 2465 1519 2505 defi-

65 2530 144 2554 xos
162 2516 375 2556 divinitus
396 2517 663 2556 existimasse
685 2518 1073 2571 praesentissimum
1094 2519 1329 2571 periculum
1344 2536 1433 2561 esse
1452 2521 1523 2561 de-

65 2574 258 2624 pulsum:
293 2571 357 2615 διὸ
383 2574 451 2615 καὶ
475 2580 559 2623 τοῖς
585 2574 878 2628 ἐπιγινομένοις
906 2577 1186 2643 παραδοσίμου
1210 2579 1448 2649 ἴενομένης
1452 2583 1526 2629 τές

68 2631 320 2681 περιπετείας
336 2627 399 2671 ἀεὶ
417 2647 513 2679 τους
530 2631 856 2698 χειμαζομένους
858 2635 938 2672 τῶν
961 2629 1162 2673 πλεόντων
1184 2649 1302 2686 ευχας
1323 2653 1365 2687 μ
1352 2652 1392 2675 εν
1411 2638 1526 2676 τίθε-

71 2690 168 2725 σθαι
187 2691 269 2732 τοῖς
292 2688 549 2741 Σαμοθραξὶ,
578 2686 651 2740 τὴν
669 2687 711 2729 δὲ
728 2692 806 2728 τῶν
833 2682 1008 2740 ἆστερων
1030 2691 1258 2742 παρουσίαν
1278 2689 1526 2743 ἀναπέμπειν

71 2742 126 2789 τῖς
143 2758 215 2793 την
237 2745 318 2783 τεᾶν
340 2740 597 2799 Διοςκούρ-ωι·
624 2742 888 2797 ἐπιφανειαν
914 2742 964 2781 id
988 2744 1158 2797 quidem
1194 2760 1214 2784 a
1237 2748 1418 2798 posteris
1438 2762 1523 2785 non
