1741 3132
345 233 408 264 ιΝ
442 232 760 264 nrALoGos
794 232 1193 267 MORTUORUM,
1393 226 1494 273 545

40 345 132 371 sum
156 330 321 381 reddit,
355 330 557 383 impedita
583 339 817 379 structura,
850 331 1165 384 quodammodo
1190 335 1490 377 tolerabilem?

38 388 184 428 Priore
204 392 302 426 loco
331 388 410 428 οἵτε
429 387 609 427 Juntina
629 387 836 440 praefert:
868 386 950 427 hoc
979 391 1116 442 ipsum
1139 391 1184 429 in
1209 392 1490 445 sequentibus

39 444 168 485 etiam
197 443 401 482 adscitum
433 456 596 481 cursum
627 442 834 482 orationis
865 443 1150 497 interruptum
1170 447 1391 499 expediet,
1425 451 1492 492 καὶ

39 504 83 543 οἱ
104 497 261 553 μάντεις
281 501 358 541 οἵτε
385 494 464 539 ἀπὸ
486 503 562 540 τῶν
586 497 624 539 ὀί.
656 516 686 539 τ.
713 495 756 540 τὸ
779 516 818 551 μ.
841 502 918 542 οἵτε
937 497 974 541 ἆ.
999 507 1078 542 τῶν
1099 500 1133 544 ὅ.
1158 505 1235 544 οἵτε
1257 509 1305 545 Χ.
1325 521 1368 546 π.
1391 500 1492 548 oillei

36 557 105 598 καὶ
122 554 144 598 ὁ
171 554 326 603 Πύθιος
346 553 463 602 αὐτὸς
494 561 654 607 παρεῖχε
677 563 758 593 etc.
817 557 990 595 Mecum
1023 558 1129 596 facit
1157 559 1214 600 H.
1237 560 1419 600 Valesius
1437 561 1492 601 ad

37 613 117 651 ista
140 611 373 652 ,Marcellini
397 611 602 649 XXVIII.
628 625 668 662 p.
689 613 785 654 581.
809 611 1025 667 Iisdemque
1052 614 1301 654 subseruntur
1328 620 1492 669 genita-

35 668 133 708 lium
155 679 334 708 emiorum
356 670 574 720 interpretes
591 670 844 716 controversi,
876 669 966 708 hinc
990 670 1262 725 praefecturas
1286 674 1494 724 profusius

36 725 241 777 largientes
271 735 305 762 ct
338 723 554 776 sepulturas
580 723 742 760 divitum
774 735 1062 774 matronarum,
1098 725 1210 764 hunc
1241 727 1284 764 in
1316 721 1489 767 niodum

34 780 248 820 scribens:
291 778 430 818 Simile
457 790 532 827 est,
566 778 672 832 quod
698 790 834 817 narrat
863 780 1033 820 Luciam.
1057 784 1096 819 ιἠ.
1119 782 1227 820 Dial.
1252 783 1376 822 ΠίῙον-ὶ.
1400 801 1489 824 cnm

32 836 262 877 Moerin-hus
283 846 317 873 et
332 836 512 874 Aristeas
531 837 606 873 viri
626 834 808 874 ‹litissimi
834 852 873 875 se
892 847 1024 876 mutuo
1047 849 1261 890 captarem,
1292 855 1342 879 ac
1361 857 1400 878 se
1419 844 1488 879 ml-

34 895 165 932 cissim
193 891 346 930 heredes
374 893 626 929 instituissent
661 890 801 944 palam
833 895 989 945 scriptis
1018 897 1270 942 testamentis,
1316 907 1422 934 vales
1452 907 1489 934 et

31 947 272 1000 Astrologos
289 958 324 985 et
343 950 578 986 somniorum
598 950 818 1000 interpretes
836 959 870 986 ct
885 948 1115 999 Chaldaeos,
1127 951 1358 1002 Apollinem
1379 969 1490 1005 quo-

24 1020 107 1058 ·que
124 1003 305 1057 Pythium
336 1002 387 1041 ab
413 1013 572 1057 utroque
597 1003 815 1042 consultum
834 1003 951 1043 modo
972 1005 1083 1055 lzuz'c,
1116 1005 1233 1044 modo
1251 1007 1314 1045 illi
1338 1007 1488 1045 obven-

33 1070 163 1099 turam
192 1056 439 1098 hereditatem
468 1059 741 1112 praedixisse:
788 1073 894 1112 quae
920 1060 979 1098 ita
1009 1070 1110 1099 sunt
1143 1072 1407 1114 comparata,
1441 1073 1491 1101 ut:

31 1115 182 1166 facile,
225 1118 390 1168 qualem
421 1117 562 1153 animo
589 1115 814 1154 lectionem
847 1116 981 1154 fuerit
1011 1127 1203 1162 secutus.
1245 1118 1489 1160 ostendant.

32 1171 168 1223 Saepe
200 1181 338 1210 autem
369 1169 631 1209 fraudulenti
663 1181 801 1216 vates,
834 1171 987 1224 quibus
1018 1187 1070 1211 ex
1099 1186 1172 1225 spe
1192 1175 1303 1213 lucri
1321 1174 1492 1213 futuro-

30 1240 123 1265 rum
150 1225 386 1279 praedictio
409 1225 642 1278 pendebat,
677 1226 849 1265 insidiis
875 1229 1202 1267 testamentariis
1231 1230 1492 1269 intervenie-

30 1281 157 1322 bant:
193 1282 385 1336 egregius
418 1290 480 1320 est
503 1281 627 1322 Plinii
646 1285 764 1321 locus
786 1283 819 1324 I.
842 1284 922 1335 Ep.
943 1289 1009 1326 20.
1050 1284 1232 1324 Hnmsr.
1293 1285 1360 1324 Ad
1390 1300 1491 1338 gra-

27 1337 149 1388 vius,
183 1338 297 1391 quod
320 1337 535 1392 sequitur,
570 1336 902 1377 additamentum
925 1337 1025 1381 ἀλλά
1049 1342 1114 1381 καὶ
1140 1338 1261 1390 αὐτός
1281 1339 1303 1383 ὁ
1328 1340 1492 1390 Πύθιος

29 1394 163 1448 magis
195 1394 419 1443 convenit,
455 1396 712 1448 conjungere
744 1409 820 1447 per
849 1396 949 1443 οἵτε,
984 1410 1108 1447 quam
1141 1396 1381 1451 disjungere
1414 1412 1491 1450 pet

31 1452 122 1497 εἴτε,
144 1449 279 1488 varias
305 1459 446 1488 vatum
470 1452 635 1499 classes,
669 1463 691 1488 e
713 1449 866 1502 quibus
893 1451 1088 1504 inprimis
1110 1463 1492 1492 commemorantur

29 1505 277 1559 Astrologi,
311 1500 609 1559 ἆστρυμᾶντεις,
640 1515 683 1545 et
705 1504 999 1559 ὄνειρομάντεις
1017 1508 1129 1557 sive,
1162 1519 1211 1546 ut
1242 1508 1287 1545 in
1311 1509 1489 1548 Somnio

32 1561 377 1615 adpellabantur,
412 1557 579 1613 ὀνείρων
597 1558 824 1615 ὑποκριταί.
883 1562 948 1600 Ab
971 1563 1039 1600 his
1066 1566 1149 1616 jam
1174 1578 1262 1602 non
1283 1563 1494 1604 diversam

32 1619 205 1657 classem
230 1615 472 1656 efficiebant
496 1616 707 1667 Chaldaei,
739 1627 788 1656 ut
817 1633 910 1657 cum
931 1619 1083 1662 Hemst.
1108 1621 1229 1673 pergi
1252 1620 1389 1670 possit
1410 1623 1494 1663 οἵτε

31 1676 247 1717 Χαλδαίων
268 1676 407 1721 παῖδες
437 1696 491 1702 ——
523 1687 773 1726 quamquam
805 1676 960 1728 largiar
981 1689 1125 1714 eorum
1147 1676 1328 1729 magiam
1353 1678 1494 1728 potis-

30 1730 182 1768 simum
204 1729 256 1768 ad
276 1732 587 1781 νεκυομαντείαν
609 1738 831 1782 spectasse,
862 1729 950 1769 vid.
971 1731 1178 1782 Necyom.
1203 1745 1239 1771 c.
1260 1737 1300 1774 6.
1331 1754 1385 1762 --
1416 1731 1493 1771 sed

28 1783 231 1825 videntur
260 1784 305 1822 hi
336 1784 629 1825 tantummodo
661 1785 844 1837 exempli
873 1788 971 1824 loco
1005 1785 1196 1832 laudari,
1228 1785 1281 1824 ad
1303 1786 1494 1839 proban-i

29 1839 125 1880 dam
147 1840 310 1879 scilicet
331 1840 540 1894 insignem
567 1840 681 1878 illam
702 1840 925 1894 utriusque
940 1841 1065 1879 amici
1089 1842 1378 1882 curiositatem
1402 1857 1492 1881 sor..

29 1896 88 1935 tis
108 1910 207 1935 suae
227 1896 396 1935 futurae
422 1895 752 1950 cognoscendae.
812 1897 946 1936 Recte
967 1897 1113 1949 itaque
1135 1897 1289 1936 habere
1315 1897 1489 1938 videtur:

28 1950 88 2001 ὥς
108 1968 165 2007 γε.
224 1953 379 1992 Verum
405 1952 589 2006 ingenue
619 1952 775 2002 fateor,
806 1951 998 1992 nondum
1030 1952 1138 1990 mibi
1160 1953 1277 1991 omni
1297 1968 1348 1993 ex
1371 1964 1489 2005 parte

16 2005 177 2047 ⁴sanum
199 2018 242 2047 et
273 2008 485 2061 integrum
513 2008 648 2062 videri
676 2012 830 2048 locum.
891 2008 990 2047 Sive
1020 2008 1131 2047 enim
1164 2012 1313 2060 plenus
1335 2019 1398 2047 est
1417 2024 1489 2048 va-

27 2073 142 2112 tum,
177 2065 251 2118 qui
286 2065 639 2110 consulebantur,
668 2077 885 2114 recensus,
920 2077 1005 2102 non
1041 2065 1244 2103 convenit
1275 2074 1365 2102 tum
1389 2065 1488 2103 Sin·

28 2119 185 2175 gularis
219 2134 417 2159 numerus
452 2125 632 2176 παρεῖχε,
664 2119 716 2158 ad
745 2134 878 2157 unum
901 2119 1105 2170 Pythium
1137 2119 1408 2169 referendus,
1443 2129 1488 2159 et

27 2175 327 2228 corrigendum
363 2175 468 2215 adeo
509 2182 712 2229 παρεῖχον.
788 2175 888 2214 Sive
918 2181 1078 2227 παρεῖχε
1113 2176 1322 2224 retineas,
1371 2175 1488 2229 quod.

28 2244 174 2270 omnes
204 2241 318 2269 certe
345 2230 447 2269 libri
476 2241 674 2282 tuentur,
707 2241 797 2269 tum
819 2230 948 2269 verba
978 2229 1073 2271 ἀλλὰ
1095 2232 1160 2271 καὶ
1184 2242 1264 2270 etc,
1291 2232 1487 2284 peculia·-

27 2301 114 2327 rem
144 2285 353 2340 quandam
382 2296 424 2326 et
453 2297 683 2341 separatam
719 2285 955 2325 conficiunt
992 2286 1358 2336 enuntiationem,
1406 2301 1486 2330 nec

25 2352 171 2396 potest
202 2342 247 2380 in
279 2342 630 2382 antecedentibus
658 2356 747 2381 non
778 2341 988 2382 excidisse
1016 2341 1214 2389 verbum,
1249 2342 1365 2395 quod
1388 2357 1484 2381 cum

26 2397 229 2450 Subjecto
251 2401 294 2440 οἱ
312 2397 471 2451 μάντεις
502 2401 749 2452 conjungas.
810 2397 910 2436 Nisi
934 2398 1045 2437 forte
1066 2398 1283 2438 existimes
1301 2399 1486 2452 scripto-

27 2460 114 2494 rem
136 2465 309 2493 nosirmn
339 2464 382 2492 et
406 2454 498 2504 hic,
531 2464 579 2492 ut
601 2453 699 2492 alibi
729 2452 909 2508 passim,
939 2453 1115 2493 licentia
1140 2452 1315 2508 quadam
1339 2464 1485 2506 synta-

30 2523 137 2548 xeos
155 2525 279 2548 usum
300 2510 504 2560 omisisse,
520 2509 635 2564 qnod
654 2524 676 2548 e
695 2511 829 2549 totius
850 2510 938 2548 loci
960 2509 1127 2549 ratione
1147 2519 1189 2548 et
1204 2519 1353 2549 natura
1366 2509 1484 2550 haud

30 2563 258 2605 difficulter
289 2566 475 2620 intelligi
509 2575 666 2618 potest.
727 2565 809 2604 Sed
840 2568 907 2605 vel
940 2565 1023 2615 sic,
1068 2565 1214 2605 nescio
1247 2565 1480 2619 quomodo,

31 2619 211 2660 offendit
237 2621 473 2676 Singularis
499 2636 696 2661 numerus
724 2627 882 2675 παρεῖχε
903 2622 948 2659 in
978 2636 1025 2661 ea
1049 2620 1222 2674 quidem
1249 2621 1479 2670 sententia,

0 2685 2 2723 ι
29 2676 76 2714 in
97 2690 179 2729 qua
199 2678 378 2717 maxime
402 2678 445 2716 id
467 2679 621 2730 agitur,
654 2687 704 2716 ut
724 2677 951 2730 conspicua
965 2675 1167 2718 reddatur
1183 2691 1334 2733 magna
1356 2690 1482 2731 quae·

0 2725 3 2786 Ι
29 2730 124 2771 dam
147 2731 375 2771 multitudo
399 2743 440 2773 et
463 2734 660 2774 varietas.
690 2735 848 2776 Lnnm.

0 2787 2 2794 Ι
74 2800 223 2832 Luciam
249 2798 330 2832 Vol.
351 2801 398 2832 ΙΙ.
463 2788 467 2793 ”
1094 2791 1147 2829 Μ
1163 2805 1203 2829 m

0 2869 9 3132 ἑ
