1741 3132
354 184 416 215 1N
453 182 771 214 nlALoGos
808 183 1210 213 mon'ruonum.
1417 169 1515 216 599

59 289 223 338 ψασθαι
243 282 474 336 sapientem
493 296 634 331 suum,
668 283 882 334 plagarum
904 281 1055 330 etiam,
1090 280 1124 318 si
1158 278 1216 318 ita
1245 294 1308 320 res
1341 280 1512 332 tulerit,

59 340 435 381 tolerantissimum
470 347 599 378 vetat.
663 337 832 376 Galenus
861 338 904 374 in
927 336 1309 389 P1·otr.Dio·⁷enis
1332 336 1511 389 Cynici,

61 411 184 461 quern
205 397 449 451 magistrum
471 405 518 433 ut
541 395 777 446 Nlenippus
798 392 1155 443 imitetu1,nihil
1175 391 1399 443 abhorret,
1433 393 1511 431 hi-

58 453 232 492 storiam
254 453 461 501 1-‚eferens
495 451 567 503 qui
589 449 641 489 ad
661 463 836 489 coenam
856 459 1032 488 vocatus
1060 449 1251 501 hospiti,
1286 449 1400 502 quod
1423 460 1510 488 tur-

55 509 218 563 piorem
244 508 372 547 alium
397 507 733 547 sordidioremve
750 509 891 544 locum
910 520 998 544 non
1025 505 1254 554 inveniret,
1288 506 1331 543 in
1355 507 1506 544 facicm

55 565 306 633 inspuebat,
338 564 399 603 sic
432 563 603 602 scribit:
629 559 894 615 Ἑστιώμενος
917 559 1027 631 παρά
1049 579 1129 603 τινι
1157 578 1236 602 των
1265 579 1309 613 με
1313 579 1335 603 v
1363 564 1510 604 ἑαυτοῦ

51 621 213 663 πάντων
234 618 410 690 ἀκριβῶς
431 621 748 688 προνενοημένῳ,
779 617 909 672 μόνου
922 615 958 660 6²
976 620 1126 660 ἑαυτοῦ
1141 616 1393 660 παντάπασιν
1412 617 1505 671 ἠμε-

51 675 208 746 ληκότι,
247 675 526 731 χρεμψάμενος
553 693 608 723 ως
633 690 817 722 πτυσων,
861 673 934 717 εἶτ’
955 676 997 716 ἐν
1026 672 1156 730 κύκλῳ
1183 691 1231 715 πε
1217 672 1503 728 ερισκοπήσας,

53 737 109 783 εἰς
124 731 242 776 ουδὲν
262 734 332 787 μὲν
355 739 433 774 τῶν
449 734 593 786 πέριξ’
581 733 736 783 ε’πτυσε,
760 727 870 787 αυτῷ
886 731 928 773 δὲ
948 728 1057 787 μόνω
1079 747 1201 785 προςε
1185 732 1326 773 ’πτυσε
1346 737 1402 782 τῷ
1421 736 1503 780 ὗες-

49 788 150 848 πὸτῃ
172 795 244 842 τῆς
264 792 411 838 οἰκίας·
442 789 523 828 hoc
542 789 713 841 Diogeni
731 789 865 828 Lakrt
888 775 1047 826 dicitur
1076 789 1131 835 εἰς
1151 804 1224 839 την
1245 784 1345 839 ὄψιν
1366 786 1505 829 πτύειν

52 846 127 896 Vl,
148 852 214 891 32
233 856 275 884 et
281 862 537 910 'npogmvew
554 849 605 899 τῇ
629 845 724 898 ὄψει
751 846 811 894 ΙΙ,
832 847 898 890 75.
957 844 1083 882 Asini
1106 843 1287 896 scriptor
1307 843 1382 882 sub
1412 845 1505 882 Lu-

48 905 155 942 ciam
175 902 347 940 nomine
366 906 502 942 latens
528 916 561 941 ο.
574 904 642 945 56.
664 901 813 940 mulier
833 901 913 939 ista
938 899 1070 955 figura
1091 899 1372 939 membrorum
1395 904 1502 939 mul-

45 969 91 998 to
117 958 417 1007 contractiore,
452 972 576 1011 quarn
599 959 760 996 fueram
788 956 960 1006 dudum,
994 970 1060 995 me
1085 956 1347 1009 conspicata,
1381 973 1502 1008 προς-

43 1011 228 1056 musac&
248 1031 337 1065 μοι,
372 1032 450 1054 non
461 1025 524 1063 iu,
570 1014 731 1067 inquit,
762 1015 802 1052 in
825 1012 975 1051 malam
998 1029 1075 1051 rem
1095 1013 1186 1051 hinc
1208 1028 1235 1050 a
1255 1013 1501 1069 mesonca-„ccc

46 1081 126 1111 etc.
158 1071 316 1109 rariore
344 1080 556 1109 structura
582 1071 728 1110 Noster
759 1068 983 1121 usurpavit
1013 1070 1058 1107 in
1086 1070 1283 1121 Sympos.
1311 1083 1399 1121 cap.
1431 1075 1501 1112 33.

41 1126 286 1181 προςέπτυσὲ
302 1143 341 1167 τε
358 1124 428 1168 τὸν
459 1124 704 1178 Zmyv-‹i-flemv
763 1125 880 1164 Hinc
905 1124 1106 1176 προςπτύε
1098 1142 1148 1165 -ιν
1172 1126 1249 1165 τινὶ
1279 1124 1500 1178 ποεὲγματι,

38 1199 310 1238 quamcunque
341 1199 418 1221 rem
449 1182 695 1230 abominati,
736 1180 953 1234 despectam
986 1181 1099 1232 longe
1127 1197 1152 1219 α
1180 1198 1218 1219 sc
1246 1181 1499 1235 aclspmmnari,

39 1250 106 1290 et,
140 1238 255 1292 quod
275 1239 427 1277 Latini
447 1239 620 1287 dicunt,
654 1248 895 1291 consputare.
938 1238 1236 1285 Aristaenetus,
1277 1238 1369 1276 sive
1401 1237 1501 1290 qui-

41 1308 209 1348 cunque
240 1294 529 1347 Epistolarum
560 1295 726 1332 illarum
763 1302 862 1331 sunt
889 1303 1102 1343 auctores,
1141 1307 1229 1332 non
1259 1293 1371 1333 enirn
1405 1307 1502 1332 om·-

40 1351 161 1390 nium
179 1365 310 1390 unum
331 1365 420 1390 esse
443 1364 622 1400 censeo,
655 1351 713 1389 II.
733 1351 815 1402 Ep.
836 1355 903 1393 20.
935 1351 1003 1391 καὶ
1033 1348 1214 1404 βδελυττε
1217 1357 1290 1392 σθε
1317 1356 1403 1398 ταῖς
1430 1345 1501 1404 ἆρ-

41 1409 134 1456 τίως
152 1404 447 1460 περιποθήτοις
475 1406 770 1461 προςπτύοντες
801 1403 994 1458 ἡδοναῖς’
1027 1418 1062 1444 et
1081 1405 1237 1462 fastidi
1240 1422 1303 1445 ose
1333 1422 1498 1445 αιει·5ω-
1546 1404 1551 1408 ”

38 1467 137 1504 mini
174 1478 325 1502 summo
360 1480 480 1516 nuper
517 1463 648 1502 studio
688 1460 926 1501 desideratas
953 1473 1226 1515 computantes
1258 1461 1500 1516 voluptates:

39 1520 154 1586 quod
184 1529 362 1558 tractum
390 1519 442 1557 ab
474 1519 672 1586 Ερίοιινεο
701 1521 790 1570 ejus
822 1517 935 1557 enim
964 1527 1026 1556 est
1054 1516 1168 1571 apud
1201 1517 1313 1557 Stob.
1337 1532 1377 1571 p.
1399 1523 1495 1563 159.

41 1572 220 1645 Βρυάζω
227 1593 281 1617 τω
302 1592 403 1616 κατα
421 1573 465 1616 τό
486 1572 686 1627 σωμάτιον
705 1572 799 1626 ἡδεῖ
812 1572 928 1616 ’ὕδατι
954 1575 1021 1616 καὶ
1043 1573 1148 1628 ἄρτῳ
1174 1571 1401 1626 χρώμενος,
1430 1576 1497 1617 καὶ

40 1630 256 1697 nepem-150>
278 1638 363 1680 ταῖς
381 1633 423 1673 ἐκ
445 1634 695 1679 πολυτελείας
712 1627 901 1682 ἡδοναῖς·
936 1643 1066 1683 quae,
1101 1630 1139 1667 si
1159 1633 1225 1669 vel
1248 1644 1400 1669 nomen
1425 1631 1496 1669 ab·

37 1688 215 1737 fuisset,
247 1701 335 1726 non
368 1687 582 1726 sententia
609 1690 769 1735 solum,
809 1700 956 1725 verum
986 1685 1090 1737 ipsis
1119 1686 1246 1724 etiam
1275 1687 1495 1725 vocabulis

37 1743 344 1796 philosophum
369 1757 464 1783 eum
485 1741 736 1796 designant:
769 1755 866 1781 nam
890 1751 1056 1808 praeter
1076 1740 1180 1779 alias
1213 1755 1341 1780 voces
1369 1743 1496 1781 inso-

38 1800 197 1840 lentius
226 1800 428 1838 formatas
456 1798 583 1850 hujus
614 1797 785 1836 scholae
815 1806 914 1836 sunt
937 1794 1124 1850 βρυάζειν
1153 1806 1195 1834 et
1224 1800 1272 1850 βρ
1252 1799 1440 1850 ουασμοὶ,
1472 1813 1495 1837 a

40 1855 180 1895 doctis
192 1855 497 1907 interpretibus
516 1868 664 1906 parum
687 1854 947 1902 intellectae,
981 1862 1030 1891 ut
1052 1867 1105 1891 ex
1119 1851 1333 1894 Plutarcho
1356 1854 1496 1908 liquet

7 1959 13 1961 „
44 1914 97 1952 Τ.
118 1911 174 1953 ΙΙ
195 1925 235 1981 p.
261 1915 384 1955 1098.
403 1911 451 1952 B.
481 1915 604 1953 1107
625 1911 676 1952 A.
707 1918 750 1948 et
765 1907 1006 1963 προςπτύειν
1026 1913 1083 1965 τῷ
1111 1913 1220 1966 καλῷ
1240 1911 1306 1951 καὶ
1328 1916 1413 1959 τοῖς
1433 1927 1497 1952 κε-

38 1973 119 2016 νῶς
156 1965 252 2009 αὐτὸ
288 1965 571 2019 θαυμάζουσι,
614 1965 730 2019 quod
766 1966 930 2019 Epicuri
958 1952 1118 2003 dictum
1147 1952 1314 2018 profert
1345 1967 1494 2007 Athen

39 2024 143 2064 XII.
168 2038 208 2077 p.
229 2026 324 2068 547.
359 2024 411 2063 A.
445 2022 639 2091 illudque
659 2021 907 2070 Metrodori,
946 2018 1138 2069 πολλάκις
1163 2022 1494 2075 προςεπτύσαμεν

39 2086 126 2129 ταῖς
143 2084 216 2122 τοῦ
232 2079 412 2134 σώματος
431 2076 625 2147 ἡδοναῖς,
657 2077 861 2118 learmch
885 2079 935 2116 T.
954 2077 1014 2119 ΙΙ.
1039 2092 1081 2131 p.
1109 2082 1232 2122 1088-
1252 2079 1301 2119 Β.
1362 2079 1496 2117 Simi-

39 2137 94 2177 lis
112 2150 212 2174 usus
233 2137 278 2174 in
300 2132 532 2190 περιπτύειν
552 2151 614 2184 τι,
646 2149 730 2188 quo
750 2134 940 2187 Stephani
962 2143 1104 2186 potest
1123 2134 1168 2172 in
1198 2144 1414 2187 posterum
1432 2139 1494 2174 lo-

41 2192 251 2246 eupletari
272 2192 537 2242 Thesaurus,
570 2189 685 2244 apud
702 2190 904 2231 Ari-stam.
925 2190 961 2239 I,
987 2195 1055 2232 21.
1079 2201 1145 2238 et,
1177 2190 1251 2244 qui
1279 2189 1364 2230 hoc
1394 2205 1497 2230 ver..

43 2248 99 2287 bo
131 2247 364 2286 delectatur
394 2247 619 2300 inprimis,
665 2246 845 2299 Simplic.
879 2244 929 2284 ad
957 2246 1085 2298 Epict.
1105 2261 1202 2301 pag.
1221 2250 1289 2290 52.
1310 2252 1379 2291 66.
1401 2252 1494 2292 103.

46 2306 257 2349 135.144
278 2308 373 2347 229
395 2308 491 2347 278.
551 2303 644 2344 Jam
662 2303 700 2340 si
733 2301 918 2340 animum
945 2302 1150 2341 adtendas
1169 2302 1220 2341 ad
1240 2303 1417 2343 Luciam:
1434 2317 1498 2343 sa-

39 2363 123 2411 les,
153 2360 325 2412 locique
348 2360 581 2409 tationem,
615 2357 776 2411 optirne
793 2358 1020 2397 lectionem
1041 2358 1151 2397 hanc
1174 2373 1406 2413 congruere
1417 2373 1497 2413 pa-

43 2416 167 2456 tebit.
227 2415 490 2454 Mollissimo
516 2414 761 2453 mortalium
791 2414 1075 2467 Sardanapalo
1110 2417 1269 2467 alapam
1302 2415 1496 2455 incutere

43 2471 280 2525 Menippus
301 2471 497 2524 parabat:
531 2470 644 2509 dum
650 2469 803 2522 capitis
834 2472 923 2522 ejus
954 2471 1180 2525 f1agi1itati
1208 2470 1362 2510 metuit
1389 2474 1495 2511 Aea-

45 2541 142 2574 cus,
171 2527 582 2581 periculosissimum
603 2525 821 2578 inceptum
844 2525 1048 2566 inhibuit.
1078 2527 1317 2580 Menippus
1340 2537 1492 2577 autem,

46 2597 97 2622 ne
118 2582 368 2622 hominem'
356 2583 542 2622 invisum
563 2584 681 2620 nullo
703 2580 902 2620 adficeret
935 2581 1163 2632 dedecme,
1203 2593 1252 2622 ut
1276 2583 1493 2623 effemina-

46 2649 135 2678 tum
159 2639 278 2676 illum
297 2642 443 2680 saltem
469 2651 705 2691 conspuere
724 2637 880 2686 liceat,
913 2639 1047 2692 petit:
1082 2639 1126 2677 in
1147 2638 1226 2678 hac
1246 2639 1360 2678 enim
1390 2653 1497 2679 con-

48 2693 299 2735 tumeliosae
329 2694 620 2750 despectionis
637 2702 741 2733 nota
761 2696 925 2736 nullum
955 2704 1044 2735 erat
1074 2694 1336 2751 frangendae
1364 2698 1501 2735 calva-
