1741 3085
214 179 313 224 616
568 183 1317 217 ADNOTATION‘ES

217 288 354 333 foret,
397 284 632 335 iterumque
669 280 945 334 trajiciendos
977 280 1197 329 Acheron;
1238 281 1588 336 quemadmodum
1623 284 1683 324 int

219 340 348 396 Apul.
378 341 555 379 Metam.
588 337 664 376 VI.
694 351 734 389 p.
769 342 859 381 180.
893 337 1021 375 turris
1060 337 1135 375 illa
1165 340 1328 390 loquax
1356 351 1399 378 et
1429 339 1672 378 consiliaria

221 396 413 449 Psychae
444 398 562 448 jussu
596 392 773 432 Veneris
812 392 993 432 adorei
1008 392 1162 448 ferales
1197 405 1353 448 penates
1397 393 1674 434 descensurae

224 452 436 508 praecipit
459 452 562 505 offas
586 448 764 503 polentae
786 448 910 488 mulso
943 459 1140 488 concretas
1167 450 1356 489 ambabus
1371 462 1521 503 gestare
1537 455 1674 490 mani„-

227 510 320 557 bus,
353 523 400 546 ac
432 510 474 545 in
502 509 585 559 ipso
614 521 677 545 ore
704 504 802 544 eluas
825 505 938 561 ferre
963 508 1100 558 stipes,
1135 519 1309 558 quarum
1339 510 1469 545 altera
1499 508 1676 558 primam

225 563 598 611 transvectionem,
623 559 804 599 reditum
823 564 950 599 altera
976 570 1192 600 mercetur.
1253 561 1334 601 Sed
1355 563 1414 600 ita
1434 572 1532 600 sunt
1551 577 1676 615 quae-

229 619 323 658 dam
344 618 509 671 Apuleji
536 617 660 656 verba
689 616 739 654 ad
758 617 980 656 Lucianum
1010 616 1326 656 adcommodata
1341 650 1351 667 ,
1383 627 1432 656 ut
1453 632 1676 669 compara-

229 674 363 714 tionis
403 671 690 711 instituendae
729 686 872 710 caussa
917 673 1098 724 proponi
1134 686 1393 712 mereantur:
1440 674 1523 712 Nec
1550 690 1675 726 mora,

229 747 317 771 cum
344 729 399 767 ad
414 732 567 784 flumen
590 739 782 767 mortuum
812 730 954 775 venies,
987 731 1051 766 cui
1077 728 1297 783 praefectus
1331 729 1483 769 Charon
1501 733 1680 783 protinus

230 796 411 838 expetens
425 787 663 838 portorium,
696 787 752 823 sic
771 784 825 821 ad
847 787 973 836 ripam
1005 784 1221 823 ulteriorem
1243 785 1352 823 sutili
1372 785 1504 838 cymba
1524 785 1682 826 deducit

230 852 499 881 commeantes,
558 840 663 893 Ergo
688 850 723 878 et
749 843 846 878 inter
870 850 1041 878 mortuos
1069 843 1236 878 avaritia
1261 840 1387 880 vivit?
1424 857 1491 880 nec
1524 840 1680 881 Charon

228 896 317 946 ille,
347 897 453 934 Ditis
479 908 591 949 pater
623 894 895 949 (suspicabar
922 894 1046 944 olim,
1086 896 1192 934 Ditis
1217 899 1403 949 portitor,
1439 896 1551 949 quod
1584 912 1682 937 nec-

232 952 333 990 dum
356 955 481 1004 plane
506 951 727 1004 displicet3
761 949 949 1003 quamvis
975 955 1185 1004 vulgatam
1212 953 1438 990 lectionem
1464 962 1678 1003 tueantur,

225 1015 338 1062 ‘quae
358 1016 481 1046 notat
504 1008 577 1048 ΤΙι.
596 1005 833 1047 Munckerus
853 1004 905 1044 ad
928 1005 1079 1060 Hygia.
1105 1021 1145 1059 p.
1170 1009 1269 1055 91.)
1290 1018 1419 1045 tantus
1442 1008 1546 1046 Deus
1564 1012 1682 1062 quic-

230 1079 349 1118 quam
368 1064 543 1116 graiuiio
558 1062 694 1117 facit:
734 1073 768 1100 et
788 1078 936 1115 pauper
965 1065 1127 1100 moriens
1155 1064 1337 1101 viaticum
1360 1062 1466 1100 debet
1488 1080 1678 1116 quaerere,

230 1130 266 1156 et
290 1135 354 1156 acs
374 1121 408 1157 si
423 1118 538 1172 (forle
554 1134 649 1171 prae
668 1134 786 1156 manu
815 1134 889 1156 non
909 1117 1060 1172 sice-rit,
1094 1135 1202 1157 nemo
1220 1134 1301 1156 eum
1332 1121 1534 1171 exspirare
1548 1123 1684 1172 patie-

228 1174 325 1214 tur?
354 1175 464 1213 Huic
482 1174 666 1228 squalido
683 1176 764 1211 seni
782 1172 895 1211 dabis
916 1173 1025 1212 nauli
1045 1177 1197 1212 nomine
1217 1174 1262 1211 de
1282 1174 1456 1226 stipibus,
1489 1191 1586 1228 quas
1601 1176 1686 1232 fi·-

229 1246 301 1279 res,
334 1230 511 1278 alteram,
543 1233 599 1269 sic
619 1241 746 1268 tamen
764 1240 805 1267 ut
821 1231 899 1281 ipse
922 1245 990 1267 sua
1009 1245 1129 1267 manu
1150 1230 1196 1267 de
1214 1240 1278 1268 tuo
1301 1241 1427 1267 sumai
1446 1245 1519 1271 ore,
1560 1231 1684 1270 Paul-

229 1288 360 1338 loque
388 1295 507 1338 post:
536 1301 586 1325 ac
615 1284 752 1324 deinde
779 1300 898 1323 avaro
929 1288 1082 1323 navitae
1112 1285 1227 1332 slata,
1261 1301 1377 1338 quam
1411 1302 1682 1337 reservaveras,

230 1343 350 1393 stipe,
382 1345 620 1395 transitoque
649 1343 728 1393 ejus
740 1342 871 1394 fluvio
894 1340 1095 1380 recalcans
1120 1344 1257 1394 priora
1285 1344 1466 1393 vestigia,
1498 1342 1553 1380 acl
1568 1345 1685 1382 istum

231 1396 452 1435 coelestium
471 1396 639 1435 siderum
664 1396 806 1434 redibis
827 1396 998 1437 eliorum.
1046 1396 1267 1435 Nonnulla
1292 1407 1391 1434 nota
1401 1398 1459 1434 vit
1481 1397 1682 1448 Pricaeus,

230 1450 428 1490 adhibito
450 1451 661 1502 Luciano,·
693 1453 811 1502 cujus
836 1452 1003 1504 aliquot
1032 1455 1126 1490 loca
1158 1465 1294 1504 neque
1313 1453 1480 1492 Diem-sii
1504 1453 1686 1508 diligen-

231 1507 335 1545 tiam
358 1507 562 1560 fugerunt
583 1505 633 1545 de
653 1507 759 1545 Fun.
786 1519 819 1546 c,
830 1505 881 1544 V.
922 1507 1176 1548 HEMSTJI.
1207 1531 1259 1537 —-
1288 1507 1474 1546 Naulum
1494 1509 1603 1547 illud
1620 1510 1686 1547 iu-

232 1561 346 1601 ferni
370 1562 595 1613 portitoris
615 1563 797 1614 πορθμέα
826 1561 870 1598 in
894 1561 1029 1613 primo
1058 1560 1228 1615 dialogo
1261 1562 1510 1601 nominabat
1529 1564 1689 1604 Lucia-

230 1634 328 1668 nus5
359 1616 486 1654 simili
507 1615 634 1655 modo
656 1618 804 1655 literae
833 1626 931 1654 sunt
949 1631 1168 1668 expressae
1192 1618 1236 1655 in
1266 1631 1334 1664 eo,
1371 1632 1492 1670 quem
1517 1634 1640 1672 supra
1664 1636 1689 1661 e

232 1673 413 1724 Cataplo
449 1672 578 1710 citavi
600 1675 697 1710 loco
729 1675 787 1719 (c,
810 1673 898 1722 18.)
928 1686 1180 1724 quamquam
1212 1673 1272 1710 ibi
1303 1673 1528 1713 Scholiasta
1554 1683 1685 1730 πορθ.

230 1733 342 1782 μεῖον
362 1727 538 1766 habeat:
569 1733 772 1780 πορθμεῖα
789 1729 888 1782 λέγει
906 1727 974 1768 τὸν
996 1727 1146 1780 μισθὸν
1164 1726 1264 1783 ὑπὲρ
1285 1733 1357 1770 τοῦ
1374 1727 1612 1783 ὃιαπερᾶσαι
1627 1736 1684 1774 δι-

229 1781 417 1836 δόμενον.
478 1781 561 1822 Sed
577 1789 801 1835 πορθμεῖον
823 1782 932 1836 apud
946 1784 1132 1823 Nostrum
1155 1798 1371 1838 nunquam
1387 1800 1473 1824 non
1493 1800 1571 1839 pro
1591 1787 1685 1841 ipsa

230 1839 388 1892 scapha
418 1841 606 1879 vectoria
630 1840 738 1891 poni
770 1842 899 1878 solet:
929 1840 974 1877 in
1001 1839 1084 1878 hoc
1119 1841 1360 1895 colloquio:
1390 1840 1620 1895 νεωλκήσας
1638 1843 1684 1886 τὸ

231 1901 478 1948 πορθμεῖον·
518 1894 637 1933 Dial.
660 1900 730 1938 22.
760 1904 804 1934 et
831 1899 898 1938 23.
930 1904 972 1933 et
1004 1895 1169 1948 Catapl.
1204 1911 1237 1938 c.
1260 1902 1296 1939 1.
1329 1895 1448 1938 κενὸν
1477 1903 1599 1952 γοῦν,
1628 1897 1686 1948 ὦς

232 1949 357 2006 ὁρᾷς,
390 1952 585 2005 ἐπιβατῶν
614 1948 658 1992 τὸ
687 1956 926 2004 πορθμεῖον.
983 1951 1062 1989 Dio
1094 1951 1145 1990 de
1175 1952 1292 1993 Julio
1323 1952 1501 1992 Caesare
1529 1966 1685 2002 narrat,

234 2007 355 2045 illum
379 2008 420 2048 ἕν
442 2008 652 2062 πορθμείῳ
675 2008 753 2048 τινὶ
773 2011 1054 2057 περαιοῦσθαι.
1112 2008 1313 2062 Denique
1341 2018 1383 2047 et
1410 2008 1454 2047 in
1487 2009 1686 2064 Hesychia

232 2068 462 2116 πορθμεῖον
480 2063 572 2113 ipsa
591 2064 785 2101 navicula
806 2065 874 2101 vel
894 2072 1030 2115 ponto
1052 2064 1306 2118 egponitur:
1338 2063 1407 2102 his
1426 2079 1568 2103 rursus
1587 2081 1686 2106 con-

232 2117 363 2156 traria
393 2117 524 2156 tradit
542 2117 718 2159 Eustazli.
743 2116 795 2156 ad
818 2117 972 2169 Odyss.
1001 2123 1042 2159 Y.
1069 2118 1139 2168 ὠν,
1171 2119 1330 2172 inquit,
1363 2122 1596 2174 (πορθμέων
1615 2125 1685 2162 vel

231 2171 526 2226 πορθμευταῒν)
552 2174 620 2214 καὶ
639 2169 661 2215 ἆ
678 2172 824 2227 μισθὸς
842 2171 932 2225 ἤτοι
958 2170 979 2215 ὅ
998 2178 1146 2222 ναῦλος
1163 2172 1190 2227 ἢ
1212 2172 1426 2228 οὐδετέρως
1451 2175 1495 2218 τὸ
1518 2181 1682 2227 ναῦλον,

233 2235 459 2282 πορθμεῖον
482 2229 651 2283 λέγεται,
680 2231 749 2271 καὶ
776 2230 820 2271 τὸ
851 2228 985 2271 αὐτῶν
1018 2235 1159 2272 πλοῖον
1189 2227 1237 2271 οὗ
1268 2236 1368 2278 ναῦς
1400 2230 1556 2284 ἅπλῶς,
1588 2231 1688 2275 ἀλλὰ

232 2284 487 2337 παρωνύμως
507 2288 562 2340 τῷ
593 2284 702 2337 τόπῳ
720 2287 948 2338 πορθμίον·
982 2287 1063 2325 etsi
1093 2286 1245 2324 unicus
1273 2286 1399 2340 hujus
1425 2289 1685 2343 Lexicogra-

231 2338 314 2392 phi
332 2338 608 2393 Aesculapius
626 2341 678 2381 L.
689 2341 879 2380 Kusterus
898 2340 1089 2380 ordinem
1109 2342 1321 2380 inversum
1340 2344 1571 2395 praeferat:
1603 2347 1685 2382 sal-

232 2404 319 2431 tem
344 2404 461 2446 patet
481 2395 597 2447 ipsos
618 2396 663 2433 in
683 2410 763 2435 usu
785 2397 1006 2450 utriusque
1027 2397 1144 2435 vocis
1161 2396 1389 2436 haesitasse
1410 2400 1606 2449 Graecos,
1640 2408 1685 2439 et

235 2447 352 2487 aliud
375 2465 451 2502 pro
473 2451 558 2489 alio
580 2465 705 2504 saepe
727 2451 945 2490 sumsisse:
979 2451 1095 2505 quod
1115 2452 1151 2489 si
1177 2451 1414 2494 Callimachi
1431 2455 1684 2494 auctoritate

232 2516 298 2542 res
318 2513 457 2554 staret,
492 2506 773 2558 acciperemus
792 2506 991 2546 Eustatlzii
1016 2506 1362 2555 distinctionem;
1394 2509 1455 2548 sic
1474 2509 1586 2548 enim
1608 2510 1683 2550 ille

233 2557 348 2611 apud
364 2559 635 2614 Erymologum
656 2563 700 2600 in
719 2559 908 2614 Δανάκης
925 2572 966 2601 et
980 2562 1146 2602 Suiclam
1164 2563 1209 2601 in
1229 2562 1474 2616 πορθμήϊον·
1509 2562 1684 2608 Τοῖἷνεκα

231 2615 300 2657 καὶ
317 2616 455 2662 νέκυες
471 2616 702 2667 πορθμήϊον
729 2617 817 2658 οὔτι
839 2619 1029 2671 φέρονται
1043 2631 1051 2639 ·
1082 2617 1315 2670 πορθμήϊον
1333 2619 1488 2658 Ionum
1511 2635 1591 2659 usu
1610 2634 1684 2659 na-

232 2669 365 2709 scitur
381 2685 432 2710 ex
454 2678 688 2725 πορθμεῖον·
721 2674 918 2713 nimirum
942 2688 1017 2727 per
1039 2673 1292 2727 singularem
1319 2673 1481 2715 Cereris
1500 2677 1683 2718 benevo-
