1741 3132
344 227 403 256 IN
440 225 753 256 Dreinoeos·
792 224 1195 256 MORTUORUM.
1389 218 1487 264 4ῖ9

43 323 259 380 cujusdam
281 324 500 378 scriptoris
524 322 672 364 referri
694 330 864 375 potest,
895 322 967 362 sed
1000 323 1269 364 manifestum
1303 335 1365 365 est
1384 331 1458 367 vul
1465 349 1491 360 ...

41 383 154 438 garis
186 381 412 430 dictionis,
468 381 498 422 i.
534 396 566 419 e.
599 379 838 433 proverbii,
883 379 1106 418 indicium
1177 381 1301 422 Unde
1327 384 1490 424 Belinus

40 454 118 493 plo
141 438 370 492 proverbio
394 437 519 476 habet
548 436 672 477 verba
706 437 812 482 ista,
853 450 1104 489 quamquam
1136 438 1242 476 illud
1277 454 1360 478 non
1395 441 1492 480 illu-

41 504 167 544 str‚at
200 510 278 534 nec
307 494 459 548 probat
489 509 540 533 ex
571 496 658 532 ullo
692 493 894 546 quopiam
921 493 1152 543 scriptore,
1195 509 1323 547 quum
1353 507 1492 537 tamen

38 565 101 591 res
124 551 393 605 significetur
415 549 637 589 admodum
670 550 879 602 vulgaris,
922 561 967 586 ut
1001 549 1126 586 tacite
1158 552 1281 590 etiam
1314 567 1493 604 prover..

39 607 157 646 bium
183 607 288 646 illud
315 621 532 646 occurrere
552 606 699 659 possit.
764 605 863 658 Quo
885 608 974 658 jure
1006 615 1144 643 autem
1175 607 1361 648 Erasmus
1389 610 1494 649 haec

37 663 163 704 verba
198 663 436 717 proverbiis
475 664 561 702 suis
603 662 966 711 adnumeraverit‚
1029 665 1137 699 clare
1184 663 1493 706 demonstravit:

34 720 362 760 Hemstcrhusius.
434 718 501 774 Scy
502 718 649 758 holdas
691 717 875 770 denique
917 732 1002 756 non
1037 717 1235 759 abhorret
1267 720 1433 774 quidem
1468 738 1492 762 a

35 791 101 830 pr<
91 777 254 814 obanda
279 775 599 822 emendatione,
632 774 885 824 dummodo,
918 773 1031 813 unde
1054 767 1288 814 derivatum
1323 777 1377 814 sit
1410 778 1492 818 hoc

34 833 335 886 proverbium,
369 842 441 871 aut
464 831 645 870 derivari
671 831 883 883 potuerit,
917 841 1107 882 apertum
1131 832 1215 872 sit:
1247 833 1321 870 vix
1345 835 1492 886 itaque

34 889 251 937 credibile,
285 889 435 943 legisse
455 888 530 943 Scy
523 887 693 927 holdam
715 887 998 926 Hemstcrhusii
1016 889 1359 938 adnotationem,
1393 905 1489 945 qua,

36 955 242 1000 quantum
271 944 360 983 fieri
384 954 495 983 certe
523 945 688 996 potuit,
732 943 978 1015 planissime
1004 957 1068 982 res
1100 943 1347 997 exponitur.
1407 948 1508 986 Ne-.

36 1015 120 1055 que
140 1016 176 1040 si
198 1016 292 1039 cum
314 1002 458 1040 eodem
483 1001 692 1055 corrigas:
725 1001 846 1050 φασὶ,
880 1001 970 1047 καὶ,
1003 1002 1070 1038 vel
1096 1015 1174 1053 pro
1199 1002 1296 1052 φασὶ
1330 1003 1493 1042 substi-

34 1066 129 1099 tuas
161 1059 227 1099 καὶ
258 1057 446 1096 violenta
476 1058 671 1108 profecto
701 1056 892 1105 ratione,
936 1064 1069 1094 status
1099 1071 1291 1107 caussae,
1325 1063 1491 1114 qualem

33 1116 261 1166 proposuit
293 1113 627 1163 Hemsmhusius‚
661 1127 757 1152 vere
781 1112 1028 1152 mutabitur.
1088 1112 1215 1166 Quod
1243 1122 1490 1155 autemnon

33 1173 170 1208 solnm
195 1170 239 1208 in
273 1170 416 1224 Long.
448 1169 579 1216 C.‚od
612 1168 685 1209 sed
715 1170 842 1207 etiam
872 1169 914 1206 in
945 1173 1090 1219 2954,
1135 1184 1384 1223 quamquam
1418 1173 1491 1213 hic

32 1237 198 1264 servata
223 1240 326 1265 voce
348 1228 446 1278 φασὶ
463 1258 472 1275 ,
506 1226 700 1264 fortassis
723 1226 847 1264 etiam
873 1225 915 1263 in
939 1226 983 1266 P.
998 1226 1196 1280 ‚legitur
1215 1229 1288 1269 εἰσὶ
1313 1243 1387 1280 pro
1414 1247 1492 1281 φα-

33 1284 85 1331 σὶ,
120 1286 210 1335 ejus
231 1284 290 1320 rei
313 1297 497 1321 caussam
519 1283 645 1332 satis,
681 1282 857 1334 opinor,
888 1284 1147 1321 luculentam
1170 1286 1336 1334 aperuit
1362 1293 1490 1340 supra

31 1339 377 1378 Hcmsterlzusius'
368 1354 477 1391 ipse:
512 1339 586 1387 ita,
619 1349 667 1378 ut
690 1342 771 1391 iam
794 1341 958 1376 nullum
980 1338 1174 1376 videatur
1184 1340 1409 1403 refugium
1429 1357 1492 1382 re-

32 1395 180 1433 lictum
206 1410 290 1433 esse
313 1396 389 1446 iis,
425 1396 498 1448 qui
521 1371 590 1434 vel
609 1398 823 1449 vulgatam
845 1395 1051 1433 rationem
1084 1395 1216 1445 tueri,
1254 1400 1324 1436 vel
1353 1412 1494 1437 emen·

0 1483 1 1487 ,
34 1449 201 1489 dationi
221 1452 374 1490 Hcmst.
407 1452 606 1490 reluctari
639 1452 787 1491 velint.
847 1451 1007 1503 Recepi
1041 1451 1208 1504 itaque,
1251 1452 1364 1505 quod
1392 1464 1493 1506 post

0 1505 1 1521 ³
29 1509 200 1561 longam
215 1506 541 1547 haesitationem
567 1506 736 1546 tandem
754 1507 860 1545 mihi
879 1507 1225 1560 probatissimum
1251 1510 1490 1550 videbatur.

0 1561 2 1610 ἶ
25 1563 183 1602 me.

143 1619 246 1658 Ibicl.
275 1618 403 1675 Εἰσὶ)
434 1621 485 1660 L.
508 1623 634 1659 solus.
693 1619 782 1658 Alii
809 1622 923 1673 φασί.
955 1621 1124 1660 SoLAN.

145 1674 234 1715 Eacl
261 1679 283 1714 l¹
316 1681 378 1718 10.
427 1679 803 1730 Οἰκτεὶροντες
839 1676 934 1729 τὴν
974 1673 1229 1730 ἀπορίαν]
1268 1678 1488 1730 Lugenies‚

34 1730 280 1786 ‹le-plorantes
306 1735 481 1785 inopiam
522 1749 657 1773 suam:
699 1747 852 1772 moneo
884 1734 1068 1772 Graecae
1098 1733 1271 1786 linguae
1300 1735 1487 1784 tirones,

34 1799 83 1827 ut
106 1788 280 1842 phrasin
303 1788 558 1838 adtendant,
590 1792 710 1840 cujus
732 1803 819 1826 rara
844 1789 956 1842 apud
978 1790 1206 1838 Auctores,
1240 1790 1284 1827 in
1307 1791 1489 1829 Lexicis
1515 1795 1523 1805 ⁸

35 1844 160 1884 etiarn
183 1846 297 1881 nulla
319 1854 551 1882 occurrunt
565 1847 770 1896 exempla
803 1846 983 1885 HEMST.
1008 1846 1041 1883 Ῐ.
1101 1846 1150 1883 In
1173 1845 1300 1884 breve
1324 1857 1491 1885 contra·

34 1901 102 1939 xit
119 1900 372 1939 sententiam
391 1903 653 1953 οἰκτείροντες
673 1898 842 1950 ἓαυτους
860 1903 923 1942 ἐπὶ
942 1905 990 1956 τῇ
1006 1898 1166 1957 ἀπορία.
1197 1902 1359 1942 LEHM.

144 1956 248 1996 Ead-
283 1959 311 1996 l·
343 1963 404 2000 13.
444 1959 784 2008 Λακεδαιμονίοις
817 1989 825 1997 .
861 1988 870 1998 .
906 1989 915 1998 .
950 1989 959 1998 .
990 1955 1225 2000 ἐκλελύσθαι
1258 1989 1267 1998 .
1301 1961 1342 2003 ,)
1373 1958 1494 1997 Hinc

31 2022 324 2067 argumentum
345 2013 455 2066 petit
481 2013 682 2064 Olearins,
721 2027 806 2067 quo
838 2014 1010 2067 probet,
1047 2014 1096 2053 de
1115 2026 1255 2053 vetere
1274 2015 1489 2067 lWenippo

8 2108 9 2112 ,
31 2083 119 2108 non
145 2068 238 2123 agi,
272 2069 373 2122 quia
391 2071 553 2121 juniori
576 2069 678 2108 haec
698 2080 889 2122 tempora
911 2071 1192 2117 conveniant,
1227 2069 1276 2108 ad
1298 2070 1488 2110 Plzilostr.
1509 2095 1513 2103 -

31 2140 75 2179 p.
102 2130 195 2168 164.
256 2124 338 2164 Sed
358 2125 469 2163 nihil
489 2135 575 2176 est,
610 2141 683 2164 cur
705 2125 756 2164 de
783 2137 919 2166 aetate
941 2126 1120 2165 senioris
1147 2136 1322 2165 mortem
1341 2127 1491 2178 proxi-
1512 2150 1518 2164 =.

33 2195 98 2220 me
120 2190 285 2230 secuta,
320 2182 455 2248 qualis
481 2181 552 2220 hio
574 2181 771 2249 fingitur,
806 2197 891 2221 non
915 2181 1050 2234 possit
1068 2183 1268 2236 intelligi.
1319 2184 1490 2223 Some.
1494 2206 1517 2218 -2

145 2236 247 2276 Εαίῖ.
268 2240 296 2277 l.
320 2243 383 2279 14.
409 2232 674 2279 Εκλελῦσθαι
704 2234 876 2287 αὐτούς)
908 2239 1000 2279 Jam
1024 2249 1135 2287 tum,
1171 2237 1343 2291 quando
1365 2250 1516 2277 vetu-.⁸

14 2338 15 2342 Ἰ
36 2293 144 2333 stior
162 2293 399 2346 Menippus
422 2302 512 2332 erat
532 2295 576 2331 in
596 2295 731 2344 vivis,
765 2293 1199 2334 Lacedaemoniorum
1220 2309 1354 2334 mores
1379 2297 1492 2335 Dio-
1514 2330 1518 2333 .

35 2350 149 2405 geni,
174 2348 335 2402 quippe
357 2359 494 2388 sectae
517 2349 701 2390 durioris
724 2350 1031 2414 philosopho,
1021 2365 1111 2403 Jure
1136 2349 1271 2389 videri
1290 2361 1492 2402 poterant
1516 2368 1519 2370 ’

36 2405 290 2455 effeminati,
325 2420 348 2443 a
381 2406 619 2460 severisque
650 2407 844 2461 Lycurgi
873 2406 1084 2445 institutis
1113 2409 1240 2461 longe
1274 2406 1490 2446 disceden-
1512 2406 1525 2417 ‘¹

34 2471 119 2501 tes:
151 2471 245 2499 na'm
272 2471 369 2514 post
388 2461 578 2500 Athenas
601 2461 801 2512 devictas,
833 2478 925 2500 cum
946 2466 1211 2525 voluptatum
1234 2462 1490 2502 desiderium

36 2527 76 2556 et
97 2516 274 2557 divitiae
295 2518 508 2556 luxuriam
529 2529 655 2571 atque
677 2519 896 2557 avaritiam
917 2519 1195 2568 invexissent,
1210 2519 1350 2557 labare
1370 2524 1491 2571 paul·

34 2572 155 2612 latim
179 2574 321 2626 coepit
340 2574 520 2626 pristina
555 2574 809 2627 disciplina,
843 2585 882 2614 et
906 2575 1023 2613 vitiis
1047 2574 1183 2613 indies
1205 2575 1490 2614 crescentibus

33 2631 174 2668 locum
199 2629 367 2671 cedere:
400 2644 482 2684 qua
508 2630 559 2670 de
579 2645 622 2670 re
654 2633 777 2671 docet
795 2631 997 2671 Plutarch..
1022 2631 1064 2668 in
1088 2631 1139 2671 V.
1161 2631 1236 2685 Ag.
1260 2643 1300 2670 et
1323 2630 1486 2671 Cleoin.

34 2698 77 2738 p.
99 2689 194 2728 796.
215 2684 262 2724 C.
283 2690 379 2729 797.
403 2686 452 2726 C.
482 2686 654 2727 Exinde
673 2702 871 2740 praeceps
895 2688 977 2726 ivit
996 2687 1227 2740 Spartanae
1249 2687 1490 2726 nobilitatis

36 2740 178 2793 decus,
207 2754 348 2796 neque
366 2756 569 2798 unquam,
596 2742 800 2800 quicquid
823 2743 1003 2783 subinde
1025 2744 1153 2798 pauci
1177 2747 1383 2797 majorum
1405 2745 1488 2783 vir-
