1741 3132
415 227 474 257 m
512 225 828 256 niALooos
863 226 1267 258 Monruonmff.
1407 214 1505 264 553

50 327 123 367 dis.
184 325 282 378 Ipse
302 323 505 363 Lucianus
527 323 609 362 hoc
632 326 745 362 nolle
770 323 954 375 videtur,
990 339 1115 377 quum
1133 323 1414 366 Hannibalem
1441 329 1504 367 in-

49 384 115 421 fra
135 382 174 436 §.
192 388 231 425 ὃ.
255 380 392 420 dicere
413 380 552 434 jubet:
586 381 653 420 καὶ
674 377 790 421 ταῦτ’
810 382 959 435 ἔπραξα
980 379 1182 435 βάρβαρος
1197 380 1267 431 ὧν,
1300 386 1366 425 καὶ
1389 384 1506 441 (ζηαί-

51 442 189 487 δευτος
211 439 394 484 παιδείας
416 441 490 489 τῆς
506 434 765 488 ΓΕλληνικῆς,
795 438 860 477 καὶ
878 435 1187 492 οὔτε”Ὀ(,ιηρον,
1221 437 1348 495 ὥςπερ
1371 441 1503 491 οὗτος,

52 497 280 549 ραψωδαῖν,
309 491 398 535 οὔτε
417 489 490 534 ὑπ’
517 488 774 546 Ἀριστοτέλει
793 498 849 548 τῷ
866 499 1039 550 σοφιστῇ
1060 498 1313 545 παιδευθεὶς,
1344 495 1446 552 μόνῃ
1466 500 1509 541 ὁὲ

51 556 101 604 τῆ
123 539 244 604 ᾦύσει
265 549 401 606 ἄγα-θῇ
427 547 688 602 χρησάμενος.
751 550 842 587 Stat
861 550 994 602 igitur
1018 565 1112 588 cum
1135 554 1331 605 vulgatae
1350 556 1510 594 lectio-

51 594 120 646 zris
151 608 327 656 veritas,
359 615 447 643 tum
481 604 661 643 actionis
694 604 1064 645 Hcmsterlzusianac
1095 610 1205 660 justa
1237 623 1402 658 caussa3
1439 611 1510 650 id-

53 677 134 715 que
153 678 202 702 eo
222 662 376 716 magiS‚
411 676 537 714 quum
563 671 603 699 et
631 659 827 710 aliunde,
865 662 967 713 quin
993 664 1118 702 etiam
1152 678 1204 702 ex
1224 664 1351 717 hujus
1374 667 1510 720 ipsius

52 719 234 771 Dialogi
259 718 368 768 fine,
403 725 588 766 constet,
621 716 846 756 Lucianum
874 719 918 755 in
944 717 1162 757 historicis
1189 719 1401 760 interdum
1426 725 1511 762 mi·-

52 790 133 814 nus
154 775 398 813 adcuratum
423 783 464 811 et
486 786 652 827 gravem
683 772 931 824 scriptorem
952 788 1041 813 sese
1065 775 1323 818 exhibuisse.
1386 780 1511 820 Unde

53 840 95 870 et
117 830 257 870 tenuis
283 830 354 867 illa
376 828 593 867 subtilitas
613 828 696 868 hoc
728 828 898 881 quidem
923 833 1022 869 loco
1043 830 1173 869 nihili
1197 841 1280 882 est,
1314 848 1395 888 qua
1416 837 1511 875 Ab-

53 887 223 925 resclzius
251 885 426 924 Dilucc.
454 884 588 924 Thuc.
625 899 665 938 p.
687 889 782 929 478.
818 884 1046 940 distinguit
1072 888 1182 927 inter
1209 888 1283 927 has
1314 890 1510 942 phrases:

51 942 175 982 literis
201 941 360 981 Graecis
379 957 534 995 operam
560 940 666 990 clare,
698 951 740 979 et
757 958 966 980 sermonem
995 942 1185 983 Graecum
1204 945 1417 997 addiscere,
1448 952 1512 987 εἰ·-
1535 996 1539 1003 ⁴

50 1015 126 1052 que
144 998 379 1038 adsuescere
438 998 547 1036 Nam
577 998 650 1051 qui
678 997 830 1052 aliquot
862 997 984 1037 libros
1007 998 1157 1039 Graeco
1181 1018 1352 1042 sermone
1381 1008 1513 1059 corfi-

53 1071 156 1102 cere,
190 1056 266 1108 qui
298 1055 568 1093 Polemonem
593 1052 900 1106 philosophum
933 1056 1092 1095 Graece
1121 1055 1171 1096 de
1193 1071 1236 1096 re
1265 1059 1442 1098 militari
1470 1071 1512 1100 ct

53 1110 326 1161 imperatoris
348 1109 580 1160 virtutibus
605 1108 879 1148 disserentem
902 1109 1105 1160 deridere,
1140 1113 1214 1164 qui
1236 1113 1280 1151 in
1302 1116 1512 1155 Antiochi

55 1169 150 1204 aula
174 1166 289 1220 regia
306 1167 578 1204 maximarum
604 1180 740 1204 rerum
762 1166 957 1204 consiliis
977 1166 1185 1217 adhiberi,
1208 1181 1388 1221 poterat,
1416 1187 1512 1211 eum

54 1232 387 1260 consentaneum
417 1232 481 1260 est
505 1222 549 1260 in
574 1235 766 1262 sermone
799 1235 970 1275 quoque
992 1223 1153 1263 Graeco
1176 1239 1263 1264 non
1287 1228 1513 1266 mediocri-

55 1286 120 1316 ter
139 1287 348 1316 versatum
379 1278 525 1316 fuisse.
587 1277 668 1316 Sed
697 1277 814 1315 aliud
837 1278 945 1315 mihi
977 1278 1078 1317 olim
1109 1280 1153 1318 in
1175 1291 1356 1322 mentem
1380 1299 1515 1323 vene-

54 1342 140 1383 rat,
174 1333 303 1386 idque
325 1337 462 1386 palam
485 1333 612 1373 etiam
640 1336 869 1386 prolatum,
901 1334 1158 1374 Hannibalis
1181 1338 1416 1379 orationem
1440 1355 1515 1393 per

55 1388 418 1443 huncDialogum
441 1393 637 1428 consulto
658 1388 707 1428 ab
731 1399 906 1429 auctore
925 1390 1066 1428 minus
1086 1393 1343 1446 exquisitam
1366 1407 1407 1435 et
1425 1400 1515 1435 ele-

57 1455 227 1499 gantem
251 1445 361 1495 sisti,
396 1445 596 1499 quoniam
621 1454 848 1484 occurrant
869 1447 1024 1498 passim
1046 1461 1168 1487 voces
1192 1459 1233 1487 et
1250 1450 1436 1503 phrases,
1461 1455 1513 1493 ab

58 1503 154 1554 ipso
184 1502 368 1541 Luciano
397 1502 442 1540 in
474 1501 710 1540 Soloecista
742 1499 985 1549 damnatae,
1019 1512 1068 1540 ut
1099 1505 1269 1560 ἐξορμᾷυ
1300 1522 1378 1559 pro
1407 1512 1516 1565 ἕξορ-

57 1562 227 1611 μεῖσθαι,
243 1562 425 1615 πατρῷος
447 1572 524 1610 pro
548 1555 731 1611 πάτριος,
754 1554 857 1599 εὐθὺ
875 1572 951 1610 pro
971 1555 1110 1609 εὐθὺς,
1125 1574 1244 1613 quae,
1260 1563 1295 1601 si
1316 1563 1516 1606 codicum

59 1615 316 1654 auctoritate
341 1613 585 1654 confirmata
604 1623 717 1663 sunt,
752 1627 850 1653 sane
875 1614 919 1651 in
942 1623 1055 1653 terso
1074 1617 1280 1669 scriptore
1301 1620 1518 1664 offendere

57 1680 250 1723 possunt.
308 1671 464 1710 Verum
486 1685 507 1708 a
528 1669 668 1708 doctis
689 1679 730 1708 et
753 1669 938 1708 cordatis
960 1671 1107 1709 amicis
1127 1673 1517 1728 Luccaviensibus,

61 1726 138 1780 qui
159 1740 248 1764 non
274 1741 373 1778 prae
395 1725 635 1764 divinarum
665 1739 802 1764 rerum
825 1738 921 1763 cura
953 1736 995 1764 et
1018 1727 1161 1767 studio
1182 1729 1451 1774 humaniores
1468 1737 1521 1774 li-

61 1790 170 1820 teras
199 1781 387 1821 deserere
416 1790 679 1830 statuerunt,
715 1794 980 1833 quorumque
1011 1793 1197 1834 spectata
1227 1785 1330 1826 fides
1352 1791 1518 1831 studio,

61 1850 240 1890 rumque
263 1836 568 1889 jucundissima
599 1836 843 1876 communio
867 1837 994 1876 etiam
1027 1841 1139 1877 ultra
1164 1844 1355 1882 locorum
1376 1848 1521 1885 termi-

62 1907 144 1930 nos
174 1903 216 1932 et
242 1894 428 1931 fatorum
456 1892 779 1932 vicissitudines
810 1906 944 1945 usque
974 1894 1018 1932 in
1046 1907 1162 1947 grata
1187 1898 1292 1937 mihi
1319 1903 1521 1942 memoria

64 1950 148 1987 erit
168 1949 443 2003 manebitque
464 1949 698 1998 recondita,
730 1950 924 2000 Miuagio
945 1959 988 1988 et
1003 1951 1143 2003 Lipsio
1173 1977 1228 1983 —
1259 1957 1521 1997 namek-

4 2002 10 2005 *
60 2020 176 2044 merus
197 2005 392 2058 quidem,
426 2005 550 2043 dulce
576 2004 760 2058 ejusdem
789 2018 972 2044 coronae
997 2006 1149 2058 decus,
1182 2010 1284 2048 alias
1302 2015 1523 2066 sagacissi-

63 2075 161 2100 mus
185 2075 372 2100 errorum
395 2075 747 2114 quorumcunque
765 2069 976 2099 scrutator
1002 2072 1044 2101 et
1064 2065 1337 2106 felicissimus
1362 2083 1524 2125 oppug.

63 2127 214 2166 nator,
248 2127 337 2156 tum
370 2118 647 2169 certemagis
676 2131 839 2155 mecum
871 2116 1010 2156 facere
1031 2119 1255 2160 videbatur
1283 2148 1340 2154 —
1369 2125 1419 2163 ab
1438 2127 1520 2176 his,

64 2173 257 2225 inquam,
288 2172 434 2212 amicis
456 2173 644 2211 monitus
665 2183 706 2212 et
724 2171 898 2211 meliora
922 2172 1114 2225 edoctus,
1139 2176 1297 2217 dudum
1324 2182 1525 2235 opinioni

66 2229 141 2266 isti
162 2243 305 2279 meae,
337 2238 535 2283 tanquam
557 2242 666 2267 vano
690 2228 882 2277 somnio,
913 2232 1006 2268 vale
1037 2230 1140 2274 dixi.
1201 2234 1311 2273 Nam
1342 2238 1525 2289 primum

67 2298 157 2323 non
179 2285 330 2338 liquet,
349 2284 635 2338 quamobrem,
662 2299 791 2338 quum
813 2283 919 2322 alibi
944 2299 964 2322 a
992 2287 1175 2327 Luciano
1193 2291 1402 2331 variarum
1426 2309 1526 2348 gen-

69 2340 180 2379 tium
199 2340 389 2390 barbari,
421 2339 566 2393 Scipio
591 2340 834 2390 Romanus,
865 2340 1123 2382 Anacharsis
1152 2355 1195 2383 et
1214 2347 1395 2387 Toxaris
1419 2351 1531 2402 Scy-

70 2395 192 2446 thee,
227 2395 494 2449 Ganymedes
526 2405 568 2434 et
597 2395 716 2433 Paris
739 2395 940 2448 ijaui,
975 2397 1080 2438 bene
1116 2401 1276 2441 Graece
1303 2406 1529 2458 loquentes

70 2452 356 2500 inducantur,
388 2451 459 2490 hic
481 2451 568 2490 loci
591 2465 701 2489 unus
726 2451 945 2490 Hannibal
975 2453 1224 2496 subsoloece
1242 2461 1365 2513 loqui
1387 2462 1530 2512 iubea-

71 2517 167 2556 tur3
203 2508 289 2546 nisi
314 2509 449 2558 forte,
481 2505 597 2560 quod
618 2505 825 2546 Kralmero
847 2510 1032 2559 placuit,
1066 2510 1149 2551 hoc
1172 2515 1334 2568 cogites
1357 2517 1534 2558 Luciam:

74 2564 317 2614 consilium,
350 2573 398 2602 ut
418 2563 479 2601 sic
500 2561 640 2600 obiter
657 2562 898 2602 Alexander
921 2578 1195 2620 pungeretur,
1228 2571 1395 2613 ratione
1414 2588 1534 2626 prae-

78 2619 263 2670 ceptoris
295 2620 415 2669 illius¹
435 2617 680 2657 Aristotelis
708 2617 866 2660 habita.
923 2621 1099 2661 Deinde
1129 2625 1253 2664 etiam
1276 2630 1532 2680 paucissima

38 2679 41 2681 ’
77 2674 372 2713 tantummodo
395 2684 494 2713 sunt
516 2674 861 2713 soloecismorum
882 2682 1084 2730 exempla,
1117 2694 1222 2733 quae
1245 2683 1290 2722 iu
1313 2685 1533 2723 Hanniba.

78 2731 133 2768 lis
158 2730 353 2771 oratione
376 2728 773 2784 deprehenduntur,
806 2744 936 2785 eaque
956 2735 1188 2788 ejusmodi,
1221 2747 1269 2777 ut
1290 2743 1356 2781 vel
1377 2740 1535 2780 defen-
