1741 3085
241 194 340 239 5023
596 196 1350 231 ADNOT-ATIONES

243 301 356 359 ἀνιᾷ.
386 300 624 346 wranov-el,
656 297 698 338 ἐκ
723 299 954 348 μεταφορᾶς
982 298 1061 335 τῶν
1092 291 1355 347 τραυμάτων·
1395 294 1472 332 ubi
1502 294 1691 349 quamvis

244 360 345 400 olim
367 353 642 396 existimarim
663 350 779 390 haud
801 353 946 405 inepte
973 352 1066 403 περὶ
1093 347 1328 402 τραυμάτων
1354 364 1474 402 posse
1506 352 1612 404 legi,
1645 360 1694 390 ut

241 412 492 458 vulneribus
514 409 698 460 scriptor
718 409 861 447 nescio
886 407 980 460 quis
1001 401 1172 445 verbum
1205 405 1313 444 illud
1332 408 1557 458 usurparit,
1579 421 1693 445 nunc

241 481 381 511 tamen
405 477 620 520 antepono
644 467 685 506 ἐκ
704 467 931 517 μεταφορᾶς
950 466 1027 503 τῶν
1052 458 1285 513 καυμάτων·
1319 463 1509 515 sequitur
1543 464 1587 499 in
1623 477 1693 500 ρο-

241 527 360 575 dem,
398 519 737 575 ΓΤπ-σοσμί’)χοί)σοι.
781 522 896 562 ἔνδον
923 521 1178 572 ἐρεθίζουσα·
1211 518 1356 557 Suiclas
1386 519 1592 570 ampliusz
1626 521 1692 560 ἐν...

242 582 536 635 διερεθίζουσα,
579 575 854 621 ὖποκαίουσα.
898 578 1121 629 θλίβουσα,
1164 581 1468 616 καταπονούσα·
1511 574 1690 614 totidem

241 636 462 679 vocabulis
489 634 756 690 Etymologus,
790 633 871 671 nisi
895 631 1008 685 quod
1033 634 1318 683 ὄιερεθίζουσα·
1353 630 1548 668 nimirum
1581 642 1693 669 vete-

238 709 305 735 res
333 690 655 745 Glossographi‚
678 689 788 728 uude
811 689 913 727 haec
930 689 1105 725 fuerunt
1130 687 1360 736 descripta,
1395 685 1596 725 dederant
1629 686 1698 725 hic

242 751 546 804 διερεθίζουσοι,
579 749 683 784 alter
717 747 834 786 ἔνδον
866 746 1124 799 ἐρεθίζουσα,
1159 742 1274 796 quod
1304 744 1347 780 in
1385 741 1512 781 Suiaela
1543 744 1696 781 leviter

239 814 502 857 corruptum.
564 802 686 856 Quae
706 801 964 840 adduximus
996 803 1209 852 exempla.
1246 799 1468 837 manifeste
1493 814 1526 835 :n
1567 809 1692 848 wnt,

241 876 387 902 eorum
409 859 640 898 incensum
661 855 704 898 τὸ
725 854 884 909 σμύχειν
916 871 1007 895 cum
1040 871 1117 894 suo
1151 856 1353 894 comitatu
1387 854 1532 893 referri
1567 869 1697 905 opor-

241 928 343 965 tere,
367 930 474 969 quae
493 915 650 969 ligatae
678 912 885 951 orationis
908 912 1100 951 terminis
1125 913 1235 965 apud
1256 911 1458 963 antiquos
1482 911 1569 948 fere
1597 925 1697 948 con..

240 977 361 1013 clusa
388 972 667 1017 recentiores,
703 983 881 1021 quorum
903 969 1005 1005 artis
1028 977 1116 1006 erat
1139 967 1349 1005 rarissima
1380 980 1593 1018 qvaeque,
1626 978 1695 1004 et·-

240 1031 326 1068 iam
349 1035 614 1080 repugnante
634 1039 777 1065 severa
798 1022 1010 1062 scribendi
1038 1037 1197 1070 norma,
1227 1022 1474 1071 consectari,
1509 1023 1551 1058 in
1574 1037 1695 1062 usum

241 1097 506 1125 communem
530 1090 806 1120 revocarunt:
838 1079 912 1117 vix
932 1079 1043 1118 enim
1073 1081 1114 1116 in
1140 1078 1253 1116 omni
1275 1078 1527 1126 scriptorum
1557 1078 1693 1127 turba,

240 1154 347 1196 quae
369 1138 530 1176 Christi
552 1147 730 1176 aetatem
764 1136 1013 1184 antecessit,
1048 1135 1227 1173 totidem
1259 1134 1383 1186 hujus
1411 1132 1529 1171 verbi
1561 1134 1696 1172 vesti-

242 1197 312 1251 gia
345 1192 657 1248 deprehendas,
712 1202 815 1246 quot
849 1206 904 1230 ex
936 1190 1213 1230 inferioribus
1245 1190 1370 1229 modo
1402 1203 1423 1227 a
1455 1203 1518 1227 me
1547 1203 1696 1241 parce,

239 1266 337 1290 nam
357 1254 484 1304 longe
504 1252 623 1301 plura
643 1259 741 1286 sunt
761 1247 812 1286 ad
842 1261 1033 1295 manum,
1067 1247 1242 1285 fuerunt
1272 1248 1448 1297 prolata.
1508 1246 1588 1282 His
1620 1246 1699 1284 ita.

242 1321 326 1362 que
351 1304 627 1345 consideratis
659 1304 832 1342 arduum
857 1317 942 1341 non
978 1311 1039 1340 est
1072 1301 1247 1341 definire
1276 1302 1450 1340 Luciani
1475 1300 1697 1341 verborum

240 1377 410 1403 sensum
437 1361 621 1413 aliquem
641 1358 755 1398 haud
779 1361 902 1412 plane
928 1356 1180 1397 absurdum:
1213 1358 1274 1397 Hi
1292 1368 1417 1395 autem
1442 1356 1618 1395 (lentibus
1638 1361 1697 1397 in·

227 1418 422 1478 ji·enclent
444 1420 592 1455 interno
613 1432 660 1456 ac
683 1431 797 1457 caeco
819 1414 954 1454 dolor-e
968 1417 1181 1454 maceraii:
1215 1428 1357 1452 verum
1384 1414 1696 1466 quantumlabet

241 1487 475 1527 congruere
503 1471 722 1520 videatur,
762 1485 850 1509 non
880 1469 1032 1508 desunt
1060 1479 1330 1523 argumenta,
1365 1483 1470 1521 quae
1497 1468 1597 1506 huic
1628 1473 1696 1510 le...

240 1528 382 1569 ctioni
412 1537 547 1566 status
584 1526 914 1565 controversiam
948 1525 1111 1578 optimo
1143 1528 1233 1578 jure
1254 1534 1452 1562 moveant
1526 1524 1692 1566 Omitto

239 1599 363 1623 usum
394 1582 560 1622 Aoristi
594 1581 793 1630 secundi,
824 1595 1034 1634 nusquam
1066 1591 1176 1619 certe
1205 1580 1329 1628 alibi,
1374 1579 1460 1618 nisi
1493 1583 1694 1622 memoria

238 1641 376 1689 fallat,
405 1638 512 1677 mihi
535 1637 817 1678 observatum,
876 1638 1063 1675 Primum
1084 1634 1222 1674 indoli
1247 1640 1320 1676 τοῦ
1346 1633 1601 1688 σμύχεινηοι)
1632 1638 1692 1677 ita

236 1696 409 1736 videtur
436 1693 665 1733 convenire
704 1691 808 1742 ἆπὸ,
852 1703 900 1730 ut
937 1693 981 1729 in
1018 1706 1149 1730 unum
1191 1690 1443 1729 vocabulum
1478 1693 1697 1735 commode

237 1754 471 1791 coalescat:
503 1749 655 1803 utique
677 1749 913 1801 scripsisset
936 1748 1079 1800 potius
1099 1747 1395 1801 ὖποσμυγέντες
1418 1747 1691 1789 creberrimae

236 1804 565 1846 consuetudinis
587 1805 839 1844 auctoritate
860 1804 1091 1842 munitum:
1121 1802 1265 1842 eadem
1298 1802 1465 1842 ratione
1488 1803 1690 1845 inductus

237 1862 350 1902 malo
376 1862 420 1899 in
444 1863 604 1899 Zosimo
627 1861 702 1900 IV.
724 1874 765 1913 p.
788 1865 882 1903 264.
918 1857 972 1909 ὦς
990 1860 1031 1901 ὁὲ
1050 1861 1170 1901 πλέον
1186 1855 1424 1911 ὖπεσμύχετο
1457 1864 1503 1915 τῇ
1524 1865 1594 1911 τῆς
1613 1859 1695 1902 κό..

236 1936 312 1971 ρης
334 1919 528 1971 ἐπιθυμίᾳ
550 1915 847 1966 Theodosius,
879 1930 956 1969 pro
986 1913 1236 1968 ἕπεσμύχετο.
1295 1913 1468 1953 Deinde
1499 1930 1573 1954 cur
1601 1930 1690 1956 non

237 1971 582 2026 ’ὕποσμυχόμενοις
615 1972 758 2024 aptius
779 1985 880 2010 sane
912 1974 1132 2024 multoque
1158 1970 1291 2024 magis
1320 1969 1372 2009 ad
1407 1969 1521 2009 hunc
1549 1974 1690 2012 locum

237 2030 504 2084 adpositum,
538 2037 586 2065 ut
612 2027 880 2077 fatebuntur,
914 2027 987 2080 qui
1009 2027 1244 2081 legitimum
1266 2026 1474 2064 orationis
1509 2028 1693 2068 Graecae

238 2100 408 2125 cursum
430 2097 528 2123 aure
549 2082 674 2121 docta
696 2086 863 2121 callent.
914 2082 1101 2123 Tandem
1123 2097 1318 2136 magnum
1341 2091 1403 2119 est
1426 2087 1690 2135 corruptelae

236 2142 410 2182 latentis
431 2139 728 2178 documentum
751 2139 1050 2192 interpretatio
1070 2139 1439 2193 καταγελασθέντες,
1463 2151 1584 2191 quam
1613 2140 1688 2192 qui

235 2196 474 2244 vocabulo,
508 2193 795 2247 quodcunque
815 2194 858 2231 in
878 2195 1061 2234 Luciano
1079 2204 1315 2247 repererat,
1346 2192 1571 2245 adposuit,
1604 2194 1688 2234 hoc

236 2251 411 2306 quidem
449 2253 670 2303 vulgatum
708 2248 999 2304 ἀποσμυγέντες
1040 2250 1241 2302 reperisse
1278 2263 1543 2301 nequaquam
1573 2250 1688 2290 credi

236 2316 403 2362 potest3
436 2316 557 2345 tanto
571 2305 682 2343 enim
701 2305 926 2344 intervallo
949 2316 1127 2359 utraque
1151 2303 1382 2354 dissident,
1414 2314 1462 2342 ut
1485 2304 1535 2343 ad
1550 2320 1688 2361 quan-

238 2363 334 2402 dam
356 2361 588 2401 communis
609 2360 873 2415 significatus
894 2361 1153 2400 adfinitatem
1173 2363 1290 2399 nulla
1324 2359 1517 2398 machina
1545 2361 1686 2399 conci-

237 2418 336 2458 liari
359 2426 531 2471 queant.
590 2416 779 2456 Criticen
803 2431 902 2471 ergo
918 2426 1047 2456 restat
1064 2426 1113 2455 ut
1136 2415 1401 2465 advocemus,
1433 2415 1469 2453 si
1491 2415 1592 2468 quid
1615 2431 1687 2458 au.

237 2473 337 2511 xilii
359 2471 564 2511 solvendo
585 2471 699 2511 nodo
720 2473 911 2512 conferre
933 2474 1091 2525 possit:
1123 2471 1343 2510 blanditur
1364 2470 1579 2510 enimvero
1603 2472 1686 2510 mi-

238 2528 361 2568 rifice
402 2528 657 2579 perpulchra
684 2528 734 2569 L.
766 2527 928 2568 Kuszeri
954 2532 1223 2581 conjectura,
1267 2526 1340 2580 qui
1371 2526 1685 2566 rescribendum

237 2582 409 2625 monuit
428 2582 556 2620 unius
579 2583 773 2622 literulae
795 2582 1048 2622 detrimento
1075 2580 1341 2637 ἆπομυγέντες
1357 2595 1367 2605 ·
1397 2581 1533 2621 fateor
1566 2585 1684 2636 equi·

239 2639 358 2690 dem,
389 2637 434 2675 in
453 2650 504 2675 eo
528 2637 657 2677 verbo
681 2637 825 2677 florem
844 2653 934 2679 esse
953 2639 1182 2686 comicum,
1217 2637 1266 2675 ab
1295 2637 1435 2689 iisque
1458 2638 1596 2689 poetis
1618 2637 1687 2678 de-

240 2704 457 2749 cerptum,
491 2705 599 2746 quos
627 2693 816 2734 studiose
849 2696 1036 2737 Noetrum
1065 2693 1278 2735 lectitasse
1306 2702 1484 2736 constat.
1544 2694 1687 2748 Quan-
