1741 3132
349 219 410 250 ιω
445 215 758 248 animosos
795 216 1195 251 monruoaun.
1403 206 1502 253 605

50 331 143 359 men
175 314 427 370 opinionem
456 316 631 356 minime
654 314 915 370 probandam
941 316 1164 357 existimo:
1203 314 1282 355 hos
1310 318 1501 359 eruditos

49 373 242 413 homines
263 375 437 415 Luciani
455 377 549 413 loca
570 387 657 412 non
687 373 903 425 fugerunt.
964 373 1023 411 Ut
1053 382 1191 412 autem
1225 374 1501 426 Empedoclis

45 433 278 480 κενοδοξίαν
298 432 439 471 Nosler
458 430 668 483 exagitat,
701 428 764 466 sie
783 442 868 466 non
899 429 1038 468 minus
1067 430 1217 469 acriter
1235 461 1246 481 ,
1292 429 1369 469 hac
1407 434 1501 485 qui..

46 487 139 525 dem
165 488 209 524 in
235 502 378 526 caussa
401 487 513 525 nihil
531 485 805 534 dissentiens,
843 483 1002 538 Gregor.
1026 486 1222 525 Nazianz.
1260 486 1303 524 in
1335 488 1498 529 Anecd.

44 544 263 583 Mur-azor&
290 544 436 597 Epigr.
461 548 527 586 84.
548 544 615 587 85.
654 551 695 581 et
726 540 915 582 Stelit.1.
942 555 980 593 p.
1013 547 1082 585 31.
1153 543 1358 596 Longum
1386 545 1501 584 foret:

41 609 201 638 ceteros
232 599 418 650 ejusdem
465 600 602 653 gregis
631 610 869 648 recensere,
903 598 1057 651 quibus
1085 598 1201 638 hunc
1231 600 1276 636 in
1306 613 1499 653 campum

39 655 270 707 exspatiari
291 655 505 708 voluptati
527 655 624 694 fuit.
657 654 841 694 Hnmsrr.

152 710 252 764 Peg.
274 716 369 754 217.
390 714 418 753 1.
439 717 475 754 1.
511 706 751 753 Χαλκόπου)
786 708 865 751 Διὰ
884 709 959 762 τὴν
984 712 1159 763 κρηπῖδα
1179 716 1339 764 χαλκῆν.
1384 711 1501 754 infe·-

42 765 140 807 rius.
176 768 352 806 GUYET.
383 790 438 796 —-
471 764 713 808 Χαλκὸπουν
733 781 807 804 cur
829 766 986 806 dixerit
1008 767 1324 820 Empedoclem,
1357 768 1459 808 haec
1477 784 1501 809 e

40 824 212 876 Diogene
235 824 322 875 peti
344 833 484 875 potest
506 823 642 861 ratio:
672 827 833 875 χαλκαῖς
854 822 928 876 γὰρ
951 830 1140 878 κρηπῖσιν
1169 827 1319 866 εἴθιστο
1336 823 1502 867 ’ὑποδεῖ-

40 885 149 920 σθαι.
191 880 373 918 ΗΕΜεΤ.
406 880 440 920 Ι.
516 880 712 919 Ceterum
752 878 1000 931 χαλκόποδας
1032 880 1210 920 Homero
1241 881 1377 919 dictos
1410 895 1501 922 esse

38 948 192 987 equos,
222 935 372 983 (Iliad.
395 935 529 984 XIII,
555 932 649 987 23.)
671 934 865 988 Sophocli
886 935 928 973 in
956 937 1111 976 Electr.
1136 951 1175 975 v.
1196 940 1292 981 492.
1332 939 1496 985 Furias,

37 1000 163 1044 atque
195 990 300 1030 adeo
323 991 365 1028 h.
388 995 414 1030 l.
435 991 613 1030 ludibrii
639 1004 785 1028 caussa
812 991 1112 1043 Empedoclem
1145 992 1207 1032 sic
1239 1008 1261 1032 a
1280 994 1496 1048 Menippo

35 1048 295 1100 compellari,
329 1046 525 1086 observat
550 1046 602 1085 ad
623 1045 664 1086 h.
686 1048 711 1085 l.
744 1046 999 1089 'Vielandiua
1032 1049 1189 1090 me,

147 1102 246 1145 Ead,
268 1105 294 1141 1.
320 1108 359 1146 6.
387 1100 594 1155 Ἀνάξιον)
625 1102 787 1152 Miror,
823 1103 935 1142 inter
954 1113 1020 1142 tot
1046 1107 1161 1143 viros
1187 1104 1337 1146 doctos
1365 1108 1498 1146 nemi-

35 1172 131 1198 nem
150 1168 386 1211 repertum,
419 1159 488 1197 cui
508 1158 708 1197 mendum
737 1161 1004 1212 vulgatarum
1029 1159 1123 1199 edd.
1149 1175 1257 1214 quae
1280 1163 1351 1201 hic
1384 1163 1498 1212 ἄξιον

33 1217 204 1268 legunt,
238 1213 489 1253 suboluerit.
548 1214 627 1256 Ed.
659 1214 696 1253 J.
728 1210 914 1265 ἀνάξιον,
949 1225 996 1254 ut
1027 1216 1096 1255 edi
1132 1219 1385 1257 curavimus.
1446 1222 1495 1260 I’.

35 1272 162 1311 etiam
185 1279 226 1310 et
247 1270 298 1312 L.
327 1280 368 1310 et
385 1271 537 1311 Jensius
565 1271 655 1323 ipse
679 1271 907 1323 genuinam
940 1285 1030 1313 esse
1057 1273 1288 1312 lectionem
1317 1275 1498 1314 demon-

33 1336 157 1366 strat.¹
210 1327 278 1366 Sic
307 1327 512 1367 Lucianus
536 1327 657 1380 loqui
687 1336 821 1366 amat:
855 1327 940 1366 vid.
976 1327 1132 1381 Quom.
1168 1330 1282 1372 Hist.
1319 1331 1495 1371 Conscr.

37 1397 74 1424 c.
98 1388 165 1427 26.
188 1393 231 1422 et
251 1382 387 1422 Dian.
410 1384 586 1422 Meretr.
608 1383 724 1424 XIV.
769 1384 839 1423 De
862 1384 1135 1437 Empedoclis
1157 1385 1334 1425 interitu
1356 1389 1498 1427 variae

33 1449 135 1478 sunt
163 1438 421 1478 sententiae:
452 1438 549 1478 vide
575 1439 709 1479 strab.
735 1439 807 1477 Vl.
836 1453 876 1492 p.
898 1445 993 1483 274.
1022 1442 1141 1494 Diog.
1171 1442 1308 1482 La'e'rt.
1334 1457 1376 1494 p.
1399 1449 1496 1488 230.

32 1494 196 1535 Kennet.
217 1504 259 1535 et
281 1493 377 1534 Cler.
402 1495 494 1535 Art.
518 1495 623 1533 crit.
652 1509 692 1546 p.
717 1499 813 1538 221.
845 1496 955 1536 Suizl.
982 1511 1022 1536 v.
1048 1494 1248 1549 Ἀμύκλαι.
1309 1498 1420 1539 Vide
1444 1500 1496 1539 de

33 1552 171 1596 Mort,
191 1552 352 1603 Peregr.
376 1565 411 1589 c.
431 1556 466 1593 1.
488 1550 562 1588 ubi
583 1550 716 1604 magis
739 1552 924 1605 graviter
948 1553 1026 1590 ista
1049 1563 1309 1595 tractantur:
1342 1556 1498 1609 Empe,-

35 1607 197 1647 doclem
227 1607 338 1646 enim
372 1606 462 1645 illic
483 1605 649 1646 videbis
675 1609 805 1646 latere
827 1608 1014 1647 voluisse
1041 1624 1156 1648 suam
1188 1622 1391 1661 mortem3
1421 1627 1498 1651 ve-

34 1679 148 1715 rum,
179 1662 290 1718 quod
312 1677 364 1701 ex
388 1662 483 1701 aliis
506 1662 720 1712 discimus,
751 1663 842 1702 sive
866 1663 928 1701 vis
949 1665 1076 1718 ignis,
1111 1680 1183 1705 seu
1208 1667 1314 1705 alius
1336 1669 1494 1720 aliquis

36 1734 156 1760 casus
187 1717 400 1770 crepidam
430 1721 520 1770 ejus
551 1731 709 1757 aeream
744 1718 957 1769 prodidit,
993 1734 1099 1772 quae
1135 1736 1220 1760 rem
1242 1731 1373 1761 totam
1398 1738 1494 1776 ape-

35 1775 135 1815 ruit.
195 1773 396 1814 Fabulam
424 1788 510 1812 esse
532 1784 675 1812 censet
688 1774 880 1814 Daca-ius
898 1775 949 1813 ad
973 1776 1120 1816 Horat.
1146 1778 1237 1817 Art.
1261 1779 1379 1817 Poet.
1397 1784 1494 1822 461.

37 1845 146 1884 quae
167 1831 292 1870 etiam
319 1831 365 1869 T.
388 1829 511 1868 Fabri
528 1830 739 1869 sententia
768 1839 848 1878 est,
881 1845 1003 1882 quam
1035 1833 1079 1869 in
1106 1843 1205 1871 nota
1229 1833 1280 1871 ad
1303 1836 1420 1873 illum
1443 1835 1494 1876 de

35 1886 255 1942 Peregrini
284 1895 417 1925 morte
450 1889 591 1924 locum
623 1885 744 1936 vide,
775 1896 839 1935 et,
874 1887 909 1924 si
934 1888 992 1925 ita
1021 1887 1212 1939 videtur,
1247 1889 1297 1927 ad
1317 1905 1495 1931 examen

15 1957 197 1982 revoca.
239 1942 408 1981 Serum.
469 1941 689 1980 Utrumvis
721 1952 831 1992 erat,
865 1941 1084 1996 flagitante
1111 1947 1347 1996 sententia,
1383 1948 1496 1987 reei-

2 2040 4 2042 ,
34 1997 254 2053 piendum,
285 2001 352 2038 vel
373 1997 500 2048 ἄξιον,
533 2000 602 2038 vel
624 1995 698 2039 οὐκ
717 1997 880 2047 ἀνάξιον
901 1997 1011 2042 ὄντα.
1069 2001 1201 2041 Nonn-
1225 2005 1375 2057 Συναγ.
1395 1999 1493 2045 Ἰστ.

35 2070 76 2109 Ρ.
93 2060 183 2098 127.
208 2052 378 2107 κατεκάη
402 2054 444 2097 δὲ
464 2057 519 2103 εἰς
533 2055 643 2103 τέλος
668 2054 998 2110 (Empedocles)
1033 2051 1154 2106 ἆξίως
1172 2062 1241 2111 τῆς
1263 2061 1414 2109 οἰκείας
1431 2076 1495 2103 κε-

33 2114 233 2161 νοδοξίας.
271 2112 454 2150 HLMST.

146 2166 249 2208 Ead.
266 2170 294 2206 1.
320 2173 383 2211 16.
420 2166 497 2210 Τὸν
527 2166 642 2221 σιμόν
675 2167 802 2222 λέγω)
833 2167 940 2207 Sane
966 2167 1079 2208 ludit
1110 2179 1367 2223 pervenuste
1396 2173 1495 2211 Me-

36 2223 206 2276 nippus,
237 2238 389 2278 easque
409 2224 569 2262 formae
589 2232 732 2273 notas,
766 2224 944 2275 quibus,
977 2226 1041 2262 uti
1066 2226 1208 2264 vivum
1232 2236 1394 2266 veteres
1417 2243 1493 2267 so-

35 2280 201 2329 lebant,
234 2281 445 2318 Socratem
464 2281 627 2319 Aeacus
655 2278 879 2328 describit,
909 2279 1018 2318 nihil
1045 2281 1096 2319 ad
1125 2296 1218 2321 eum
1240 2281 1494 2324 discernens

38 2335 136 2374 dum
160 2339 321 2385 valere,
353 2334 423 2374 sed
445 2334 642 2374 omnibus
661 2349 794 2388 aeque
816 2338 992 2374 mortuis
1013 2351 1103 2375 esse
1124 2351 1389 2386 communes,
1421 2342 1495 2393 jo-

35 2400 175 2430 catur.
238 2392 378 2430 Simus
404 2402 490 2430 erat
507 2391 700 2430 Socrates
725 2392 834 2430 inter
856 2406 1030 2442 superos
1058 2403 1098 2431 et
1122 2396 1287 2443 calvus,
1317 2409 1494 2450 eamque

39 2447 91 2486 ob
125 2461 310 2487 caussam
339 2447 485 2486 Sileno
516 2456 807 2499 comparatur:
850 2447 983 2486 schol.
1006 2449 1213 2502 Aristoph.
1239 2450 1293 2488 ad
1311 2451 1424 2491 Nuh.
1449 2468 1492 2493 v.

21 2507 134 2547 ‘'223-
154 2504 302 2558 ἐλέγετο
323 2503 365 2544 δὲ
384 2500 405 2545 ὅ
426 2500 643 2556 Σωκράτης
667 2501 739 2555 τὴν
759 2500 857 2553 ὄψιν
880 2507 1061 2558 Σειληνῷ
1086 2509 1399 2558 accommodarem·
1435 2523 1496 2550 σι,

41 2555 116 2612 μὸς
130 2576 170 2606 vg
195 2558 270 2612 γὰρ
289 2561 356 2600 καὶ
377 2557 582 2611 φαλακρὸς
602 2554 674 2611 ἦν·
706 2572 800 2596 nam
823 2558 882 2596 ibi
905 2559 1162 2599 facetissime
1185 2561 1383 2602 Comicus
1405 2564 1503 2603 inis·

40 2614 104 2652 uti
124 2615 264 2653 verbis
279 2616 491 2654 Socratem
509 2615 629 2664 facit,
662 2627 770 2667 quae
788 2614 933 2652 Sileno
955 2614 1158 2654 tribuerat
1177 2617 1377 2658 Pindarus
1394 2635 1492 2657 cum

41 2669 226 2722 Olympo
253 2672 529 2725 colloquenti.
591 2672 734 2709 Talem
755 2669 947 2722 depingit
975 2671 1048 2708 illa
1074 2671 1278 2712 mirabilis
1300 2675 1491 2713 Alcibia-

40 2724 106 2765 dis
134 2724 324 2767 laudatio
351 2728 398 2769 in
426 2725 534 2769 Hac.
564 2727 710 2783 Symp.
727 2740 771 2781 p.
794 2731 914 2771 1202.
938 2735 978 2769 et
997 2740 1039 2780 p.
1063 2732 1185 2776 1203.
1207 2731 1260 2771 A.
1290 2729 1334 2772 τὸ
1362 2735 1495 2785 σχῆμα
