1741 3085
246 201 346 244 4324
601 205 1353 244 ADNorArroNEs

243 322 371 351 σκειν·
413 304 516 345 adeo
547 318 670 357 saepe
705 302 911 342 fluctuant
953 302 998 340 in
1032 301 1284 355 explicanda
1313 302 1474 356 patriae
1514 304 1686 359 linguae

241 365 388 403 indole
404 360 700 401 Grammatici:
735 358 849 412 quod
872 358 1011 411 priore
1031 361 1127 397 loco
1150 359 1316 411 posuit,
1349 359 1572 399 tenendum
1594 371 1682 411 est3

239 419 518 473 usurparique
540 419 646 455 solet
678 414 728 454 de
754 414 1038 468 perditissimo
1067 414 1374 466 mancipiorum
1398 430 1546 468 genere
1579 416 1686 457 illud

239 474 493 516 vocabulum
512 505 522 522 ‚
568 474 707 525 quales
739 480 857 509 erant
888 470 1081 522 inprimis
1108 470 1309 523 Phryges,
1369 472 1531 524 Diogen.
1549 473 1601 512 L.
1637 473 1681 512 in

238 532 462 583 Aristippo
488 529 545 574 II,
569 531 635 572 75.
695 529 825 580 Σίμου
843 528 937 568 ποτὲ
952 531 1025 568 τοῦ
1043 529 1263 583 Διονυσίου
1291 529 1431 580 ταμίου
1459 533 1687 578 πολυτελεῖς

239 590 379 635 οἴκους
399 581 507 641 αὐτῷ
522 585 587 625 καὶ
607 580 900 636 λιθοστρώτους
930 580 1180 632 δεικνύντος,
1209 584 1262 632 ἦν
1282 583 1325 624 δὲ
1358 581 1469 635 Φρὺξ
1500 586 1568 625 καὶ
1597 583 1681 626 ὄλε-

237 650 361 698 θρος,
395 638 751 695 ἀναχρεμψάμενος
769 639 1012 692 πηοςὲπτυσε
1040 645 1088 695 τῇ
1122 637 1226 690 ὄψει.
1296 638 1513 682 Herodian.
1547 641 1581 690 I,
1615 646 1682 684 12.

236 704 277 749 9,
299 705 338 743 8.
401 694 626 750 Κλέανδρός
645 713 702 744 τις
723 697 775 747 ῆν
793 693 836 737 τὸ
857 695 927 747 μὲν
948 696 1062 749 γένος
1085 694 1193 748 Φρὺξ
1213 699 1292 736 ταῖν
1329 697 1498 751 δημοσίᾳ
1528 696 1685 739 etmed-

235 773 315 798 των
341 752 423 796 ὑπὸ
458 751 600 807 κήρυκι
639 748 949 804 πιπράσκεσθαι.
1013 750 1118 790 Ideo
1163 750 1300 804 flagris
1337 765 1384 789 ac
1411 751 1683 804 verberibus,

236 826 324 865 quo
348 809 540 849 meliores
566 807 810 855 evaderent,
846 805 1075 859 officioque
1102 807 1245 845 servili
1280 807 1485 859 promtius
1525 809 1685 863 funge-

235 878 404 912 rentur,
439 862 726 902 admonendos
749 863 882 901 fuisse
902 861 1025 901 docet
1046 862 1318 915 proverbium
1350 862 1463 915 apud
1493 864 1682 915 suidam,

239 921 353 977 Φρύξ
376 918 475 973 ἀνὴρ
491 921 653 974 may-323
673 915 847 970 ἀμείνων
865 919 934 959 καὶ
955 919 1278 972 διακονὲστερος·
1312 932 1433 971 quem
1456 919 1684 972 Epicharmi

233 991 401 1017 versum
431 991 519 1015 esse
547 974 810 1013 trochaicum
846 973 954 1011 mihi
984 973 1239 1026 persuadeo:
1282 973 1502 1026 eidemque
1532 975 1682 1015 lubens

233 1033 553 1085 adscripserim,
587 1031 671 1068 nisi
701 1030 795 1082 quis
826 1028 875 1068 de
908 1029 1131 1081 Sophrone
1160 1029 1307 1082 potius
1336 1030 1521 1083 cogitet,
1563 1031 1680 1085 quod

232 1089 349 1142 apud
390 1088 522 1127 Schol.
555 1086 760 1138 Aris-mpla.
806 1084 963 1139 legitur
1000 1084 1053 1123 ad
1081 1085 1160 1125 Av.
1187 1099 1228 1124 v.
1257 1089 1379 1128 1283.
1429 1082 1498 1127 ''H‘
1517 1089 1680 1140 πλαγεὶς

234 1147 335 1197 (vel
357 1145 563 1191 παισθείς·
598 1155 691 1180 nam
719 1144 937 1194 vulgatum
957 1138 1103 1183 παύσει
1135 1139 1296 1179 nullius
1318 1149 1379 1179 est
1399 1141 1555 1193 pretii)
1581 1141 1677 1197 βάκ-

231 1217 313 1254 τρφ
337 1203 485 1256 καλίνῳ
505 1195 675 1242 σκύταλα
694 1195 804 1250 Φρύξ
826 1194 942 1251 ἀνήρ.
972 1194 1158 1239 Σκῦταλα
1179 1205 1289 1235 certe
1309 1210 1386 1249 pro,
1412 1197 1574 1237 cervice
1595 1213 1680 1239 vox

231 1257 399 1303 Sicula,
433 1265 537 1295 teste
561 1254 778 1308 Hesyci'zio,
814 1267 935 1306 quern
958 1267 1041 1291 una
1061 1253 1184 1292 litera
1214 1261 1457 1306 corruptum
1484 1253 1675 1294 emenda·

229 1311 318 1358 bis,
348 1311 576 1362 Σκύταλον,
605 1308 822 1362 τράχηλον,
855 1312 1026 1352 Σικελοί.
1058 1310 1239 1349 HEMST.

345 1368 446 1407 Eacl.
483 1371 509 1409 l.
543 1372 609 1411 13.
646 1364 969 1417 ‘Tnegvmws'vog
1006 1363 1050 1406 τὸ
1089 1366 1265 1419 γένειον)
1307 1364 1417 1405 Vide
1441 1365 1599 1406 Notam
1624 1364 1679 1407 ad

227 1425 338 1464 Tim.
365 1439 400 1462 c.
430 1429 495 1467 22.
535 1423 701 1461 SOLAN.
768 1422 918 1461 Mollis
955 1420 1092 1460 adhuc
1122 1430 1164 1459 et
1201 1419 1471 1472 delicatulus,
1498 1426 1678 1476 ,qualem

226 1482 438 1519 :novacula
467 1473 730 1525 reddiderat,
764 1492 857 1516 cum
892 1476 1143 1530 obsequium
1175 1474 1350 1515 domino
1378 1477 1518 1517 fuerat
1547 1493 1677 1531 prae-

228 1534 446 1574 standum:
478 1533 718 1572 simillimus
743 1532 786 1570 in
808 1533 917 1574 Tim.
947 1535 1068 1571 locus
1089 1530 1125 1584 ξ.
1148 1536 1214 1574 22.
1245 1531 1528 1584 adstipulatur
1556 1533 1676 1572 addi,

228 1592 285 1631 tis
314 1589 524 1643 ejusmodi
564 1589 722 1642 signis,
762 1602 868 1642 quae
908 1601 1087 1640 puerum
1115 1587 1267 1625 infami
1296 1587 1535 1628 ministerio
1562 1588 1679 1629 dile-

229 1657 346 1685 ctum
386 1644 669 1700 patefaciant,
719 1641 960 1698 καταπύγων
995 1643 1167 1693 οἰκέτης,
1218 1643 1260 1683 ἐκ
1288 1646 1485 1684 παιδικῶν
1523 1647 1674 1697 τίμιος,

226 1699 526 1755 ὑπεξυρημένος
546 1703 599 1743 ἔτι
618 1699 691 1752 τὴν
709 1699 864 1753 γνάθον
879 1714 888 1723 ·
920 1711 1059 1752 neque
1081 1698 1194 1738 enim
1214 1697 1296 1736 hoc
1318 1712 1367 1736 eo
1391 1708 1578 1749 spectare
1598 1715 1676 1753 pu.

226 1768 334 1807 tem,
368 1757 482 1811 quod
503 1760 620 1804 servi,
654 1755 746 1794 (lum
766 1757 1133 1802 manumitterentur,
1165 1755 1291 1806 capite
1308 1755 1566 1809 msifucrint,
1598 1759 1678 1796 imo

226 1825 264 1852 cr
287 1826 411 1853 mento
428 1830 529 1862 raso,
565 1811 749 1865 ideoque
771 1812 994 1850 Lucianum
1013 1809 1096 1848 hoc
1116 1808 1301 1848 tribuere
1323 1825 1441 1858 servO,
1476 1814 1539 1850 cui
1557 1811 1676 1851 liber..

226 1882 290 1908 ias
329 1879 551 1909 testamento
599 1867 719 1916 data,
770 1865 886 1921 quod
931 1865 1166 1905 Wouwerius
1193 1864 1406 1903 existimat
1433 1865 1486 1903 ad
1516 1867 1671 1908 Petron.

222 1940 267 1979 p.
291 1930 384 1970 480.
417 1924 625 1978 particula
664 1924 719 1964 ἔτι
746 1922 847 1960 huic
881 1919 1079 1973 opinioni
1099 1919 1352 1960 adversatur.
1410 1922 1677 1963 Archilochus

226 1995 466 2034 exponens,
502 1982 667 2033 qualem
691 1979 984 2030 imperatorem
1010 1986 1150 2028 optet,
1186 1972 1288 2017 Οὐδὲ
1307 1975 1556 2030 βοστρύχοισι
1576 1984 1675 2031 γαῦ-

225 2053 301 2089 ρον
318 2069 328 2087 ,
358 2031 449 2079 οὐδ’
469 2034 767 2087 ὑπεξυρημένον
788 2036 953 2087 placere
975 2031 1054 2069 sibi
1076 2031 1245 2083 scripsit
1271 2031 1384 2084 apud
1403 2033 1520 2073 Dion.
1557 2035 1670 2077 Tar-s.

224 2092 260 2131 J.
286 2107 327 2145 p.
351 2096 447 2136 399.
508 2092 575 2130 Ita
595 2091 790 2129 Nauarus
821 2087 1086 2139 Babylonius
1119 2086 1391 2139 (deteriorem
1420 2089 1669 2141 scripturam

224 2147 456 2200 Nanybrus
502 2147 547 2185 in
574 2146 772 2185 versione
809 2143 990 2183 Valesius
1027 2146 1243 2196 amplexus
1277 2153 1360 2193 est,
1406 2157 1499 2181 cum
1529 2154 1668 2185 tamen

223 2203 475 2242 Nannarum
499 2202 643 2242 suidas
660 2201 827 2249 habeat,
861 2199 910 2237 ab
933 2213 981 2238 eo
1015 2213 1066 2236 ue
1088 2212 1173 2237 non
1194 2197 1384 2236 diversus
1410 2198 1673 2256 εἰτ’Ἀνναρος

229 2258 375 2297 (Iresiae
394 2267 647 2297 memoratus
679 2257 874 2296 Athenaei
890 2254 962 2296 lib.
1038 2254 1096 2293 ῙῙ.
1129 2267 1224 2306 pag.
1245 2257 1340 2298 530.
1358 2255 1457 2303 D.)
1487 2256 1532 2294 in
1561 2257 1667 2298 Exc.

224 2313 388 2353 Νἰοοῑαι·
406 2315 596 2353 Damasc.
617 2326 657 2365 p·
671 2317 767 2356 426.
788 2316 884 2355 429.
916 2308 938 2352 ὁ
962 2311 1271 2361 κατεξυρημένος
1290 2325 1330 2351 τε
1346 2311 1414 2351 καὶ
1435 2313 1671 2354 memsam-

224 2370 409 2422 βισμὲνος
434 2368 487 2411 τώ
516 2365 729 2421 ὀφθαλμώ,
796 2365 916 2405 Alibi
941 2369 1022 2419 jam
1054 2365 1283 2414 inchoavis
1306 2364 1494 2418 perditos
1524 2367 1673 2406 aetatis

224 2438 326 2463 suae
347 2439 504 2474 mores,
535 2423 778 2479 praesertim
813 2422 1064 2474 captatorias
1095 2419 1289 2470 fraudes,
1334 2421 1482 2474 quibus
1512 2421 1668 2461 bellum
1733 2464 1735 2466 ,

225 2478 411 2529 indixit,
466 2480 511 2519 in
553 2490 716 2533 tempus
756 2481 890 2517 multo
933 2475 1144 2517 vetustius
1197 2477 1388 2515 conferre
1430 2476 1666 2518 Lucianum.
1726 2487 1738 2525 „l

224 2534 408 2578 [HEMST.

337 2589 435 2642 Pag·
465 2592 609 2634 165.1.
633 2595 674 2634 2.
706 2594 814 2632 KAI
839 2591 1090 2630 ΝΕΚΡΩΝ
1116 2589 1192 2638 Δ.)
1223 2588 1339 2626 Haec
1359 2588 1507 2628 est.
1528 2589 1580 2629 G.
1597 2587 1666 2627 ad-

226 2643 323 2686 dere
345 2645 483 2683 visum
502 2655 565 2682 est
587 2645 716 2685 titulo
735 2645 861 2698 hujus
885 2643 1058 2697 dialogi.
1091 2643 1256 2682 SOLAN.

338 2699 438 2742 Ead.
457 2703 487 2741 l.
516 2705 580 2744 12.
607 2697 687 2752 Ὡς
707 2702 780 2755 ἔχει
796 2697 895 2756 ὑμῖν
914 2697 961 2743 τὰ
982 2699 1084 2755 πρ.)
1112 2699 1221 2739 Mox
1247 2698 1424 2740 iteratur
1450 2695 1571 2753 ὑμῖν·
1602 2702 1669 2740 al·
1724 2722 1741 2751 φ,
