1741 3132
322 241 389 272 IN
426 242 738 273 nrALocos
775 242 1176 276 MORTUORUM.
1371 229 1469 275 025

23 348 184 378 terutro
207 347 319 378 certe
338 342 434 378 loco
454 348 517 378 est
536 339 581 377 in
604 335 703 392 ἡμῖν
731 338 1000 387 mutandum;
1042 349 1138 379 utro
1169 338 1363 378 dubites:
1404 355 1470 380 me

25 395 131 435 Cod.
155 394 203 436 O.
227 404 483 434 momentum
507 395 693 449 impulit,
725 405 773 433 ut
797 395 868 434 hic
891 399 1064 438 mallem.
1097 397 1279 436 Hnms‘r.
1342 397 1469 435 Utro-

24 465 108 504 que
124 455 218 489 loco
247 449 341 504 ἡμῖν
378 451 604 491 videbatur
630 451 944 504 reponendum,
986 466 1114 505 quum
1146 452 1391 504 praesertim
1423 453 1470 490 in

23 506 116 546 cod.
142 512 266 550 3011.
297 522 394 546 vere
423 511 588 562 legatur
617 507 760 560 μικρὸν
783 507 851 559 μὲν
879 505 1000 561 ἡμῖν,
1033 518 1074 546 et
1101 508 1184 546 hoc
1213 509 1363 546 melius
1402 523 1474 547 rc-

20 563 227 615 spondeat‘
248 563 522 616 sequentibus
554 560 668 616 ὑμεῖς
686 565 744 613 δὲ,
777 576 900 616 quam
923 564 958 602 si
987 567 1199 617 legeretur
1224 563 1384 617 μικρὸν-
1402 565 1474 616 μὲν

20 617 127 672 ἡμῖν.
199 619 353 672 Cogita
385 619 551 659 seilicet
582 618 819 658 Charonem
865 619 916 658 de
945 620 1092 672 cymba
1124 634 1197 658 sua
1230 620 1473 672 prospicere

23 676 186 713 turbam
214 675 453 713 umbrarum
486 675 804 725 advenientem,
838 678 968 714 multa
999 676 1264 728 supellectile
1293 686 1475 714 onusta-

21 746 127 773 rum,
190 730 317 784 Quod
338 746 464 785 quum
499 732 737 784 intelligat,
770 745 893 784 quam
918 745 1114 784 perverse
1139 732 1230 779 fiat,
1267 732 1474 770 adclamat

24 787 101 827 iis:
134 787 306 836 A'uclilc,
342 786 559 840 cujusmodi
577 789 654 825 sint
673 804 730 826 res
762 798 916 825 nostrae
943 788 1020 837 (in
1045 787 1157 825 Orco
1191 789 1374 836 scilicet,
1410 787 1475 825 di-

23 844 282 882 versissimae
303 843 399 882 illae
420 858 441 880 a
463 843 729 882 terrestribus
753 842 965 896 quondam
987 843 1135 881 vestris
1148 846 1182 891 ''),
1242 844 1374 883 Parva
1395 861 1475 882 ηο-

23 899 103 947 his,
137 899 270 951 (Orci
292 898 472 950 incolis)
504 910 546 937 ut
576 898 735 949 videtis,
768 910 821 938 est
843 898 1048 952 cymbula:
1076 897 1193 953 ὑμεῖς
1222 902 1263 941 ὅὲ
1292 904 1475 948 τοςοῦτοι

24 965 100 995 etc.
161 955 230 994 Sic
265 953 401 993 edidit
433 954 722 1005 Schmieclerus,
767 969 1015 1009 quamquam
1048 969 1133 994 non
1166 956 1345 1009 primus:
1378 971 1475 993 num

23 1010 146 1049 etiam
172 1010 295 1062 Lips.
317 1009 382 1050 ed.
404 1010 546 1051 eadem
570 1009 697 1050 habet
724 1011 872 1060 verba,
906 1021 1071 1062 praeter
1102 1012 1197 1063 μὲν,
1238 1015 1356 1064 cujus
1377 1015 1474 1049 loco

23 1066 83 1103 ibi
105 1076 166 1105 est
189 1068 277 1114 καὶ,
310 1067 402 1104 sine
421 1082 559 1106 sensu.
622 1067 672 1105 In
697 1066 873 1120 reliquis
893 1066 1012 1105 libris
1037 1071 1167 1105 multa
1203 1067 1352 1105 horum
1384 1081 1476 1106 ver-

27 1121 176 1160 borum
211 1122 418 1173 variatio,
448 1127 581 1161 multa
612 1123 831 1171 confusio,
867 1122 917 1162 de
949 1136 1029 1176 qua
1060 1122 1146 1163 vid.
1178 1124 1318 1162 Lectt.
1351 1123 1472 1161 Varr.

22 1179 133 1217 Mox
155 1192 233 1231 pro
253 1182 385 1234 τραπῇ
413 1179 577 1231 placuit
607 1179 794 1219 Jacobs-io
835 1180 958 1234 ῥέπῃ,
992 1192 1077 1232 quo
1100 1179 1228 1218 facile
1249 1193 1472 1231 possumus

25 1247 175 1273 carere.
236 1234 517 1287 Respondent
539 1235 650 1274 enim
675 1234 758 1273 sibi
790 1234 973 1274 invicem
990 1239 1190 1288 τραπῆναι
1219 1244 1261 1274 et
1292 1251 1474 1287 περιτρα-

22 1295 163 1341 πῆναι,
195 1299 244 1329 ut
265 1290 308 1328 in
331 1291 506 1329 Icarom.
534 1306 569 1332 c,
599 1296 663 1334 10.
695 1305 815 1345 quem
840 1294 979 1330 locum
1005 1300 1101 1343 apte
1125 1291 1313 1330 contulit
1332 1291 1477 1330 Schue-

20 1347 97 1400 fiw.
121 1346 172 1384 ad
195 1347 245 1386 L.
265 1346 348 1385 Bos
370 1346 419 1385 de
450 1347 622 1399 Ellipss.
653 1362 695 1400 p.
713 1352 810 1390 288.
868 1347 1070 1401 Denique
1102 1350 1170 1385 vel
1208 1356 1354 1385 contra
1383 1349 1476 1384 cla-

23 1402 236 1441 mantibus
258 1412 322 1440 sat
341 1403 484 1440 multis
507 1403 629 1442 codd.
651 1413 694 1441 et
714 1403 765 1441 ad
787 1403 870 1442 hoc
893 1402 1033 1442 Belino
1053 1413 1096 1441 et
1114 1402 1376 1452 Schmicdcm,
1403 1402 1479 1455 qui

26 1455 292 1511 μετανοήσητε
305 1461 572 1508 volunt‚n0n
596 1468 735 1497 tamen
750 1458 925 1498 videbar
944 1457 1049 1496 mihi
1071 1457 1226 1497 bonam
1248 1459 1477 1496 lectionem

27 1515 284 1568 μετανοήσετε
305 1514 485 1566 abjicere
506 1513 677 1564 debere,
711 1517 844 1568 cujus,
877 1513 962 1552 nisi
986 1515 1135 1563 fallor,
1169 1512 1477 1561 emendandae,

27 1570 72 1609 id
98 1580 183 1620 est,
226 1570 277 1609 ad
305 1570 410 1623 legis
453 1570 634 1623 rigorem
664 1569 954 1619 revocandae,
999 1584 1142 1608 caussa
1175 1568 1278 1608 olim
1309 1583 1477 1608 severus

29 1626 201 1681 quidam
224 1625 525 1665 Grammatices
548 1625 700 1665 doctor
725 1641 819 1665 cum
853 1626 1174 1677 Conjunctione
1202 1623 1255 1678 μὴ
1286 1624 1478 1677 Conjun-

28 1683 189 1724 ctivum
215 1681 562 1735 conjungendum
587 1696 674 1721 esse
696 1682 877 1734 putavit.
937 1681 1019 1720 Sed
1038 1690 1266 1734 utrumque
1286 1690 1397 1719 recte
1417 1680 1480 1718 di·

36 1739 89 1787 ci,
124 1738 253 1777 modo
276 1737 500 1775 discrimen
522 1736 755 1775 Indicativi
777 1746 818 1776 et
838 1737 1118 1789 Conjunctivi
1141 1746 1255 1774 recte
1277 1736 1432 1788 capias,
1458 1750 1482 1774 a

0 1814 1 1817 ¹
36 1792 347 1834 cordatioribus
369 1793 663 1831 Grammaticis
685 1792 975 1831 observatum:
999 1790 1085 1831 vid.
1110 1791 1280 1830 Dorvill.
1304 1791 1354 1829 ad
1381 1791 1482 1830 Cha-

0 1858 5 1904 l
35 1854 98 1890 rit.
119 1864 214 1903 pag.
239 1853 333 1893 544.
365 1848 583 1887 Hermann-
614 1847 665 1886 ad
698 1848 828 1900 Viger.
854 1862 891 1898 p.
918 1852 1015 1891 776.
1049 1856 1090 1886 et
1111 1848 1186 1900 qui
1206 1846 1267 1884 ibi
1285 1846 1482 1884 landatur

36 1906 277 1958 Hoogcvccn.
301 1904 350 1943 de
369 1913 496 1956 partt.
521 1904 611 1945 Grr.
637 1902 821 1956 denique
831 1903 1054 1942 Slallbaum
1078 1902 1129 1941 ad
1148 1902 1483 1943 Platon.Phi1eb.

6 1986 9 2011 3
36 1977 79 2016 p.
101 1967 164 2005 13.
197 1958 561 2015 Quemadmodum
584 1974 733 2011 nempe
754 1959 881 1998 etiam
900 1973 978 1997 nos
1003 1969 1230 2012 utrumque
1261 1967 1375 1996 recte
1407 1957 1484 1996 di·-

5 2019 195 2057 ‘⁴cimus:
235 2015 312 2054 Ich
341 2014 534 2065 fiirchte,
578 2012 636 2053 du
669 2013 854 2055 werdest
886 2015 1039 2065 fallen,
1081 2024 1142 2054 et:
1184 2013 1260 2052 Ich
1288 2013 1481 2063 fiirchte,

10 2088 11 2097 ¹
37 2074 95 2112 du
116 2073 239 2111 wirst
258 2073 409 2111 fallen:
442 2072 502 2109 ita
531 2081 575 2110 et
609 2071 803 2121 Graecis,
849 2069 924 2108 ubi
957 2070 1248 2123 Conjunctivo
1280 2078 1480 2118 utuntur,

38 2130 219 2168 maxime
243 2127 449 2182 cogitatio
472 2127 547 2174 rei,
581 2127 654 2165 ubi
680 2126 949 2175 Indicativo‚
980 2141 1044 2165 res
1067 2126 1183 2179 ipsa,
1215 2128 1285 2165 vel
1306 2125 1482 2176 factum,

43 2199 137 2224 cum
158 2184 302 2236 aliqua
327 2182 582 2222 certitudine
615 2182 873 2224 obversatur.
930 2183 1083 2235 Itaque
1115 2190 1229 2220 recte
1259 2180 1386 2219 habet
1418 2182 1486 2218 in-

43 2241 108 2278 fra
146 2239 273 2287 XVI,
308 2243 346 2281 2.
387 2237 484 2289 ὅρα,
536 2238 589 2291 μὴ
622 2236 666 2280 τὸ
694 2239 875 2279 ἐναντίον
906 2239 1008 2287 ἔστί,
1051 2246 1161 2276 recte
1187 2236 1315 2275 etiam
1345 2237 1482 2279 Dian.

15 2330 17 2336 ,
41 2296 172 2335 Deor.
198 2294 295 2342 XX,
322 2300 385 2337 16.
408 2295 588 2343 δέδοικα,
621 2292 673 2347 μή
694 2311 772 2347 μου
793 2291 996 2346 ἀμελήσεις
1016 2291 1111 2347 μετὰ
1130 2291 1203 2345 τὴν
1224 2295 1371 2347 κρίσιν,
1401 2307 1485 2332 ne-

43 2366 122 2406 que
140 2351 235 2397 hic,
265 2359 312 2387 ut
332 2350 532 2388 nonnulli
552 2349 735 2389 editores
766 2351 983 2400 fecerunt,
1017 2348 1247 2403 quidquam
1280 2358 1370 2387 erat
1396 2363 1487 2388 cor-

41 2406 278 2461 rigendum.
314 2405 381 2445 Cf.
405 2406 530 2444 etiam
556 2405 762 2456 Necyom.
785 2420 820 2444 c.
841 2410 878 2448 2.
908 2407 1065 2447 Luem.

154 2462 250 2515 Pag.
276 2467 368 2505 166.
390 2465 418 2501 l.
437 2465 475 2504 5.
509 2459 693 2514 Γυμνούς
712 2463 929 2514 ἐπι-βαίνειν
948 2460 1022 2516 χρὴ
1038 2469 1048 2509 )
1079 2462 1218 2513 Hujus
1237 2459 1398 2516 dialogi
1414 2461 1487 2501 iti-

47 2517 226 2572 demque
248 2517 415 2570 Catapli
440 2517 644 2556 Luc-ianus
672 2527 963 2570 argumentum
993 2518 1191 2569 concepit
1219 2530 1272 2556 ex
1303 2516 1487 2556 Platonis

50 2574 179 2627 Gorg.
204 2587 243 2626 p.
264 2578 359 2617 356.
386 2577 479 2617 357.
523 2573 598 2611 ubi
630 2572 666 2610 si
699 2575 806 2611 lecta
837 2573 970 2611 fuerit
999 2573 1207 2624 Socratis,
1247 2573 1486 2626 gravissimi

49 2628 320 2678 fabulatoris,
352 2629 560 2677 narratio,
593 2627 743 2667 horum
777 2628 964 2667 omnium
997 2639 1193 2668 venustas
1223 2630 1487 2683 elegantissi-

50 2699 114 2722 ma
140 2683 369 2723 dilucidius
392 2684 624 2737 adparebit.
686 2683 816 2737 Quod
836 2693 973 2723 autem
1002 2686 1196 2738 sequitur
1225 2685 1289 2726 ἐπὶ
1306 2689 1375 2736 τῆς
1401 2682 1485 2735 ιἠϊό-

49 2758 146 2792 νος,
178 2739 216 2778 si
248 2740 458 2780 lecomam
489 2740 605 2794 Mag.
647 2738 815 2791 audias,
856 2740 1103 2795 castigatius
1146 2741 1350 2792 scriptum
1376 2741 1488 2777 foret
