1741 3085
237 186 334 232 618
592 196 1340 227 AnnorazrroNEs

232 294 433 336 auxillum
462 296 543 348 ejus
569 293 624 331 acl
651 291 828 347 pericula
841 292 1083 362 depellenda
1108 296 1233 347 pretio
1262 303 1442 334 emerant.
1500 294 1683 336 Hnmsr.

230 350 476 392 Discrimen
498 348 629 399 illud,
664 347 777 402 quod
799 346 928 404 μάτην
951 350 1062 389 inter
1097 359 1138 389 et
1170 356 1316 403 προῖκα
1344 350 1589 400 intercedit,
1618 361 1684 391 et..

235 408 318 447 iam
343 407 383 448 h.
404 410 431 445 l.
453 421 475 445 a
498 407 643 446 Nostro
666 405 931 445 observatum
955 421 1065 455 esse,
1100 420 1222 460 quam
1247 407 1475 446 clmissime
1496 407 1683 447 ostendit

235 465 281 503 in
302 477 391 517 sqq.
412 463 595 517 ejusdem
627 460 839 501 Charonis
869 462 1173 517 irherrogatio:
1217 462 1363 511 Μόνος
1392 457 1466 505 οὐν
1495 461 1681 516 αὐχήσεις

231 525 382 573 amoena
417 519 700 569 πεπλευκέναι,·
740 529 783 556 et
812 533 917 572 quae
948 519 999 557 ad
1033 519 1139 558 haec
1165 518 1394 572 respondet
1426 519 1678 573 Menippus.

232 576 368 629 Quae
393 576 435 613 in
462 575 543 614 hoc
566 575 773 627 scriptore
794 578 918 628 plane
938 574 1028 614 fieri
1047 589 1135 614 non
1157 585 1314 629 potest,
1345 584 1394 614 ut
1417 574 1528 615 idem
1546 576 1680 629 signi-

231 631 382 681 ficem,
425 631 477 671 de
506 645 590 684 quo
630 634 713 682 jam
759 641 855 670 ante
885 640 1022 670 actum
1053 631 1219 672 fuisset.
1286 632 1570 672 Veruntamen
1603 644 1681 670 neo

233 687 443 739 Graevius,
488 701 566 726 nec
599 686 931 736 Hemsterhusizas,
982 696 1093 726 recte
1127 687 1232 727 haec
1263 687 1389 727 verba
1421 687 1680 740 explicuisse

229 743 445 783 videntur.
480 741 630 796 Μάτην
647 744 819 797 propria
839 744 882 782 vi
903 758 979 782 sua
999 743 1255 799 estfi‘ustr-a,
1288 744 1315 782 i.
1334 758 1368 785 e.
1389 743 1480 782 sine
1503 753 1650 795 optato
1664 772 1676 793 ,

229 803 299 839 vel
331 810 523 851 sperato,
565 809 744 850 eventu,
781 802 849 839 vel
878 813 1083 841 successu,
1143 801 1245 853 Spes
1268 809 1431 848 autem,
1470 813 1577 852 quae
1606 812 1680 852 per

228 855 340 895 hanc
360 870 506 895 vocem
529 856 729 894 frustrata
751 855 988 904 indicatur,
1021 870 1183 910 semper
1211 859 1300 909 ejus
1332 870 1419 895 esse
1448 854 1675 922 cogitatui,

229 912 305 966 qui
326 911 517 963 Subjecti
539 913 635 950 loco
647 911 937 950 enuntiationi
959 911 1095 959 inest,
1127 922 1255 965 atque
1271 911 1375 951 adeo
1392 913 1590 953 πέπλευκα
1607 907 1679 963 μά·

224 985 300 1020 την
324 976 398 1020 p'er
413 982 455 1007 se
478 967 646 1020 quidem
668 967 780 1005 nihil
801 965 919 1006 aliud
940 981 1028 1007 esse
1046 977 1211 1022 potest,
1246 982 1389 1024 quam:
1403 968 1568 1024 fiatur-a
1597 982 1678 1005 vta-

224 1026 375 1077 zigwi,
409 1024 438 1063 i.
460 1037 493 1063 e.
518 1037 602 1062 non
629 1033 777 1062 nactus
806 1037 895 1061 sum
918 1037 1010 1062 eum
1042 1033 1265 1077 eventum,
1307 1037 1431 1076 quem
1461 1036 1540 1076 ego
1572 1021 1680 1061 mihi

224 1095 277 1121 ex
301 1081 378 1117 hac
402 1079 676 1133 navigatione
696 1093 973 1132 speraveram.
1032 1081 1253 1120 Hactenus
1273 1093 1373 1133 ergo
1393 1092 1466 1131 per
1484 1087 1677 1117 naturam

222 1137 396 1190 linguae
420 1146 533 1174 recte
561 1136 852 1186 interpreteris
884 1134 1094 1175 Charonis
1124 1135 1274 1185 verba,
1313 1144 1363 1173 ut
1401 1133 1588 1174 Graevius
1616 1133 1682 1170 in·

222 1201 479 1244 terpretatus
494 1200 577 1230 est:
608 1191 836 1243 affiligitur
850 1191 1105 1244 prodetittibi
1127 1203 1206 1230 tam
1228 1191 1348 1245 longa
1368 1192 1569 1243 navigatio
1589 1204 1679 1230 con-

217 1249 344 1304 fecta,
370 1250 451 1296 vel,
471 1256 520 1285 ut
543 1247 647 1285 Hem
649 1248 881 1287 ster-husius:
913 1264 1002 1300 ergo
1023 1247 1240 1303 tufi-nstra
1259 1249 1468 1300 susceperis
1486 1257 1569 1285 tam
1589 1244 1679 1284 Zon-

218 1306 389 1358 ginquae
408 1305 672 1355 navigationis
689 1318 842 1341 manem
874 1303 1104 1343 molesriam.
1165 1304 1223 1341 At
1244 1317 1292 1342 ea
1310 1302 1424 1354 ipsa,
1458 1314 1565 1355 quae
1593 1303 1677 1353 jam

221 1359 295 1397 hic
316 1359 522 1410 interpres
556 1357 694 1397 addit·
725 1358 936 1412 siquidem,
970 1362 1046 1398 nisi
1065 1370 1194 1398 ratam
1220 1358 1328 1399 oboli
1350 1357 1567 1398 mercedem
1593 1372 1677 1396 ex-

216 1430 447 1469 promscrzs,
477 1417 519 1452 in
536 1417 656 1453 vitam
673 1414 747 1452 libi
768 1417 838 1453 erit
857 1414 1114 1467 redeundum,
1148 1429 1313 1454 omnem
1334 1413 1443 1453 hanc
1469 1413 1681 1466 interpre-

220 1471 428 1509 tationem
451 1469 778 1517 evidentissime
809 1470 1012 1508 falsitatis
1041 1480 1236 1536 arguunt.
1298 1468 1417 1524 Quid
1451 1468 1599 1510 enim?
1636 1468 1674 1507 si

217 1528 302 1579 jam
323 1525 560 1577 Menippus
576 1524 887 1577 respondisset.
917 1526 1008 1577 Age
1035 1528 1156 1579 initur
1178 1529 1266 1578 jam
1294 1525 1423 1564 reuehe
1452 1541 1512 1563 me
1535 1527 1578 1564 in
1605 1526 1676 1564 vi·-

218 1584 330 1621 mm!
365 1581 434 1619 uti
477 1589 625 1637 postea
663 1593 760 1619 vere
797 1579 1035 1633 Menippus
1047 1558 1151 1620 Osibi
1179 1580 1269 1620 fieri
1297 1580 1464 1621 voluit:
1507 1576 1676 1627 Οὐκοῦν

218 1634 399 1731 ἆνεάγαγέ
421 1654 468 1689 με
492 1638 617 1684 αὖθις
633 1637 672 1684 ἐς
692 1634 761 1677 τὸν
781 1638 885 1690 βίον.
915 1636 992 1675 ubi
1015 1636 1187 1676 Charon
1206 1640 1333 1704 plane
1354 1636 1476 1674 aliter
1484 1649 1674 1699 respon-

346 1696 497 1745 Χαρίεν
514 1693 658 1747 λέγεις·
689 1693 756 1732 ἵνα
776 1693 844 1733 καὶ
865 1693 1018 1747 πληγὰς
1044 1715 1102 1724 --
1130 1690 1364 1745 προςλάβω;
1396 1705 1442 1729 ac
1460 1692 1497 1730 si
1525 1694 1672 1744 paullo

218 1692 415 1842 {erius
434 1763 528 1789 eum
542 1747 797 1800 respondere
820 1758 1152 1787 consentaneum
1172 1748 1336 1786 fuisset.
1369 1746 1486 1800 Quid
1509 1746 1672 1787 multa?

216 1803 232 1842 1
302 1820 322 1842 c
358 1818 445 1842 non
478 1804 623 1856 potuit
655 1803 866 1842 Chamnis
894 1818 1009 1844 mens
1041 1818 1142 1844 esse.
1204 1803 1358 1857 Cogita
1389 1803 1537 1855 potius
1571 1812 1671 1844 ante

219 1860 362 1899 omnia
387 1859 735 1914 interrogativum
761 1861 1036 1910 sententiam,
1070 1861 1234 1927 qualem
1263 1868 1423 1897 veteres
1455 1859 1670 1912 interpre-

218 1924 281 1955 tes
324 1916 476 1954 Latini
509 1924 828 1968 expresserunt3
870 1915 1022 1955 deinde
1052 1913 1180 1968 μάτην
1211 1914 1322 1969 finge
1352 1912 1404 1952 ad
1425 1914 1670 1969 Subjectum

218 1972 360 2023 ipsum
386 1971 625 2011 Charonem
644 1970 807 2019 referri,
841 1971 962 2024 quasi
983 1980 1258 2026 sequerentur
1282 1970 1387 2008 haec
1406 1970 1492 2009 fere
1516 1970 1666 2011 verba:

221 2025 371 2080 Ματην
389 2028 463 2070 οὐν
495 2028 636 2079 ε’σομαὶ
662 2040 705 2068 σε
735 2028 1160 2081 διαπεπορθμευμένος
1189 2029 1257 2066 vel
1286 2025 1672 2081 διαπεπορθμενκως

216 2088 407 2131 τοςοῦτον
429 2086 580 2134 minim
609 2082 728 2131 Hoc,
762 2083 943 2136 opinor,
976 2093 1040 2122 est
1072 2081 1202 2132 illud,
1244 2081 1358 2135 quod
1392 2081 1562 2121 Charon
1591 2097 1667 2122 vo-

161 2143 164 2146 ’
214 2139 319 2189 luit,
351 2149 393 2178 et
413 2138 526 2193 quod
548 2139 608 2177 sic
637 2138 682 2175 in
705 2139 805 2192 Arg.
834 2138 898 2180 ed.
928 2139 1085 2178 Latine
1105 2137 1317 2177 redditum
1344 2139 1530 2189 reperio:
1559 2139 1667 2178 Num

217 2210 305 2247 ergo
326 2206 361 2234 fe
382 2207 462 2234 tam
485 2194 601 2247 longo
621 2196 783 2247 trajectu
799 2196 925 2248 gratis
943 2197 1133 2248 (poterat
1157 2194 1228 2233 hic
1244 2194 1367 2233 etiam
1376 2192 1541 2249 frustra
1561 2193 1666 2248 dici)

215 2250 501 2292 transvena-ero?
531 2251 676 2288 Mutat
710 2259 847 2289 autem
884 2250 1054 2289 Charon
1085 2249 1350 2303 Subjeotum‚
1393 2249 1506 2287 haud
1535 2249 1665 2289 dubie

213 2315 459 2357 propterea,
493 2305 607 2358 quod
627 2305 930 2344 barbarismum
950 2305 1266 2354 reformidaret,
1301 2314 1343 2344 et
1364 2319 1468 2344 voce
1487 2309 1569 2359 jam
1590 2303 1663 2358 μά-

212 2377 286 2411 την
311 2361 369 2399 ita
391 2361 552 2410 utitur,
584 2371 633 2398 ut
654 2375 740 2400 non
774 2360 1111 2415 reprehendendi
1141 2361 1315 2400 omnino
1346 2359 1572 2399 videantur
1602 2360 1661 2410 ii,

214 2415 291 2468 qui
313 2429 428 2470 pere,
413 2419 532 2455 wratis
557 2430 646 2456 eam
671 2418 898 2466 verterint,
931 2416 1058 2456 modo
1080 2417 1331 2457 sententiam
1353 2415 1563 2455 Charonis
1584 2415 1665 2453 hu-

213 2471 400 2525 jusmodi
405 2447 502 2509 e’sibi
528 2472 742 2526 cogitent.
774 2472 937 2511 Frustra
966 2475 1086 2526 igitur
1101 2472 1233 2528 ficerit
1259 2487 1376 2526 opem
1404 2486 1515 2520 mea,
1558 2471 1665 2525 quod

216 2537 294 2564 mm
321 2525 437 2580 longo
457 2530 591 2566 itinere
612 2544 758 2567 mecum
779 2531 994 2597 trajeceris.
987 2529 1007 2557 Ρ
1034 2529 1191 2566 LEHM.
1356 2552 1359 2555 -

327 2582 430 2620 Eacl.
461 2585 488 2623 l.
512 2587 553 2626 7.
593 2582 744 2635 Μάτην
773 2601 848 2625 ουν
877 2593 954 2625 etc
967 2583 986 2638 )
1022 2585 1142 2623 Male
1172 2592 1344 2623 vertunt
1372 2581 1477 2621 haec
1509 2582 1658 2624 verba.

214 2654 342 2689 ριοιτηυ
367 2638 440 2678 οὐν
460 2638 527 2692 ἒση
548 2637 774 2688 πεπλευκως
793 2644 983 2687 τοςοῦτον
1011 2643 1162 2690 πλοῦν,
1193 2655 1284 2677 num
1314 2652 1404 2690 ergo
1433 2648 1514 2676 mm
1543 2637 1659 2702 lor-rgo

217 2697 382 2744 najccta
400 2704 436 2733 te
450 2695 576 2747 gratis
600 2705 876 2751 τναηευεαεειος
907 2710 999 2737 cum
1021 2696 1191 2737 illorum
1210 2694 1315 2734 haee
1335 2695 1391 2732 sit
1424 2694 1659 2734 sententia:
