1741 3085
200 185 300 228 60³3
547 182 1321 217 ADNGTATIONES·

198 292 246 332 iu
265 286 377 330 ludis
399 283 666 339 Olympici5‚
697 283 788 329 vel,
823 280 931 329 aliis,
964 289 1012 318 ut
1028 280 1188 320 Aeliam.
1212 280 1265 319 V.
1289 281 1344 319 H.
1365 280 1425 329 II,
1445 286 1512 325 26.
1544 281 1647 321 Cro·

197 358 300 387 tone
313 348 474 397 palam,
505 343 575 379 vel
593 336 825 376 secundum
847 337 977 384 alios,
1010 347 1058 374 ut
1080 337 1244 389 Diogen.
1264 337 1400 376 La'e'rt.
1432 338 1551 386 VIII,
1580 343 1644 380 11.

196 401 378 442 Abaridi
398 396 602 442 chthae,
630 408 717 447 quo
749 394 940 431 divinum
964 407 1006 432 se
1028 392 1241 431 hominem
1270 408 1357 432 esse
1394 392 1644 442 declararet,

195 446 642 498 monstrasse'dicitur,
702 450 786 488 Res
810 448 893 487 huc
914 463 1047 502 usque
1076 448 1264 487 nondum
1286 449 1387 487 satis
1406 448 1646 503 disquisita.

194 516 355 556 LEHM.
1459 534 1461 536 -

312 568 413 609 Emi.
432 571 461 608 1.
483 572 520 611 8.
559 562 691 608 Οὐδὲν
710 565 798 604 ἴσον
819 559 993 614 κύαμοι)
1022 561 1313 614 Diligentiam
1336 560 1487 616 effugit
1505 560 1649 600 hiclo-

197 641 270 666 cus
290 623 565 665 eruditissimi
585 621 836 660 Rittershusii
855 618 904 657 ad
928 617 1119 672 Porplzyr.
1144 616 1230 656 Vit.
1252 616 1430 671 Pythag.
1461 631 1558 670 pag.
1576 622 1645 660 66.

195 689 264 726 67.
293 682 365 719 ubi
385 683 516 718 multa
536 679 587 716 de
610 678 691 715 hoc
703 674 972 729 Pythagoreo
994 683 1219 726 praecepto
1240 672 1427 711 studiose
1451 673 1648 727 collegit:

198 738 296 777 inde
323 736 457 775 disces
488 737 534 773 in
558 735 698 772 animo
725 732 855 770 fuisse
881 731 1047 777 Nostro,
1080 739 1129 767 ut
1159 727 1329 768 Clemens
1349 730 1431 781 ait,
1460 726 1505 770 τὸ
1532 727 1651 779 ἐπύλ->

194 802 280 837 λιον
297 795 449 841 ἐκεῖνο,
480 790 525 828 in
547 803 631 844 quo
654 785 816 842 τρώγειν
840 796 880 824 et
905 788 1040 827 ἔσθειν
1063 799 1137 837 pro
1160 803 1197 825 τε
1215 784 1382 839 φάγειν,
1414 788 1484 823 vel
1505 790 1650 839 φαγεῖν

194 851 270 889 alii
288 848 548 900 praeferunt.
582 844 777 884 Eustathii
810 846 930 881 locus
961 856 983 879 a
1017 840 1246 881 Casaubono
1283 840 1334 879 ad
1365 842 1446 879 ista
1474 841 1649 880 Luciam·

195 903 446 945 declaranda
469 900 703 955 productus
724 908 863 938 exstat
883 913 923 950 p.
945 902 1038 941 948.
1062 911 1102 935 v.
1125 903 1192 940 23.
1251 897 1445 935 Eundem
1475 896 1573 935 vide
1594 895 1647 934 ad

192 962 249 1001 11,
272 966 303 1001 Ι.
330 954 489 1013 Ρζῖ57.
513 971 555 996 v.
580 962 648 999 42.
681 955 753 993 ubi
785 968 892 1006 quae
922 953 1095 1005 scripsit
1123 963 1257 990 sumta
1287 963 1387 990 sunt
1420 952 1469 990 ab
1497 953 1645 991 Athen.

193 1018 253 1056 II.
272 1032 312 1069 p.
336 1020 406 1059 65.
427 1015 479 1054 E.
513 1013 626 1052 Sext.
655 1011 802 1063 Empir.
827 1015 879 1050 H.
907 1013 947 1049 Y.
971 1009 1054 1049 III.
1087 1024 1127 1061 p.
1162 1014 1256 1052 184.
1297 1011 1396 1049 ἔνιοι
1428 1008 1469 1049 δὲ
1493 1013 1647 1049 θᾶττον

193 1071 245 1115 ἂν
275 1070 345 1120 τὰς
369 1069 547 1122 κεφαλὰς
572 1074 714 1122 φαγεῖν
738 1066 999 1119 &Aegyptios
1023 1064 1283 1111 sacerdotes;
1329 1078 1378 1102 eo
1401 1064 1511 1102 enim
1543 1064 1648 1102 haec

191 1129 406 1181 pertinere
429 1129 563 1179 puto)
595 1125 694 1176 φασὶ
717 1127 795 1163 τῶν
813 1123 993 1173 πατέρων
1013 1119 1041 1173 ἢ
1056 1117 1259 1172 κυάμους·
1292 1120 1485 1158 observat
1508 1119 1648 1158 Fabri-

191 1188 289 1232 cius,
322 1183 393 1237 qui
416 1197 436 1219 a
459 1182 675 1232 plerisqne
695 1178 924 1231 Empedocli
947 1176 1200 1224 tribuantur,
1239 1176 1390 1229 Orpheo
1409 1189 1549 1214 versus
1573 1174 1645 1213 ad·

192 1240 320 1279 scribi
356 1253 375 1276 a
399 1238 572 1291 Didymo
605 1237 800 1287 Geopon.
829 1235 888 1282 ΙΙ,
912 1239 980 1277 35.
1014 1231 1128 1286 quod
1160 1232 1203 1269 in
1234 1231 1425 1284 pluribus
1455 1245 1546 1270 esse
1574 1231 1646 1269 fa-

190 1305 306 1334 ctum
326 1295 429 1333 alias
462 1292 692 1331 ostendam.
754 1292 931 1328 Zaratae
963 1287 1180 1327 Chaldaeo
1216 1287 1374 1341 grande
1405 1286 1489 1325 hoc
1525 1301 1646 1325 arca-

190 1364 293 1389 num
338 1349 622 1403 Pythagoram
661 1346 853 1385 debuisse
890 1346 1020 1384 refert
1065 1344 1271 1396 Origenes,
1313 1357 1434 1395 quem
1462 1352 1644 1393 vocant,

197 1411 337 1448 Φιλοσ.
360 1420 394 1444 c.
425 1405 485 1442 II.
515 1419 558 1455 p.
584 1408 650 1445 42.
693 1410 991 1454 portentosum
1022 1400 1243 1452 opinionis
1274 1398 1475 1438 mirificae
1506 1397 1648 1437 docu-

191 1472 379 1501 mentum
405 1459 573 1511 prodit:
605 1459 642 1496 si
665 1457 760 1510 quis
784 1455 919 1494 fabam
940 1459 1117 1508 ejusque
1138 1453 1280 1494 florem
1318 1457 1427 1492 ollae
1458 1453 1646 1493 inditum

192 1517 458 1568 oblitumque
479 1515 523 1551 in
554 1523 703 1552 terram
734 1511 970 1560 defoderit,
1014 1519 1196 1562 postque
1229 1509 1317 1548 dies
1347 1524 1506 1561 paucos
1538 1519 1644 1549 rete·

189 1573 324 1621 xerit‚
354 1574 437 1613 ἴδοι
457 1568 554 1611 αὐτὸ
578 1568 682 1615 εἶδος
701 1569 785 1620 ἕχον
805 1565 849 1607 τὸ
869 1566 940 1619 μὲν
958 1570 1119 1618 πρῶτον
1146 1563 1200 1614 ὥς
1219 1563 1412 1618 αἰσχύνην
1433 1564 1645 1619 γυναικὸς,

188 1627 286 1681 μετὰ
326 1627 367 1668 δὲ
398 1631 519 1667 ταῦτα
549 1621 877 1676 κατανοούμενον
912 1624 1077 1664 παιδίου
1104 1621 1284 1673 κεφαλὴν
1317 1627 1644 1672 συμπεφυκυῖαν·

191 1697 302 1736 quae
337 1685 406 1722 vel
443 1681 593 1720 auditu
635 1689 734 1719 sunt
763 1677 991 1717 tremenda.
1052 1677 1237 1716 Dicetur
1269 1678 1447 1727 amplius
1478 1676 1530 1715 ad
1558 1677 1646 1720 Vit,

188 1743 314 1777 Aust.
336 1753 371 1777 c.
396 1737 469 1776 VI.
503 1737 663 1776 interea
696 1739 788 1788 lege
819 1735 883 1775 Ja.
919 1733 1089 1773 Windet.
1126 1731 1177 1771 de
1209 1732 1309 1770 Vita
1339 1733 1492 1772 Funct.
1523 1732 1644 1772 Statu

189 1796 298 1834 Sect.
324 1795 377 1834 V.
409 1794 592 1833 Hssmsr.
653 1791 766 1831 Vide
784 1790 1069 1842 pereruditam
1101 1797 1143 1828 et
1174 1786 1561 1842 ingeniosissimam
1588 1788 1643 1828 de

187 1850 457 1904 Pythagorae
501 1846 642 1904 κυάμῳ
685 1845 1019 1898 disputationem
1065 1844 1110 1882 iu
1143 1844 1327 1885 Miscell.
1359 1843 1563 1886 Observv.
1589 1845 1644 1883 A.

192 1911 314 1950 1735.
331 1919 430 1959 pag.
451 1910 548 1947 417.
584 1918 707 1957 quam
743 1901 815 1955 qui
845 1900 1020 1953 legerit,
1050 1899 1163 1937 nihil
1195 1909 1280 1949 est,
1312 1914 1386 1937 cur
1415 1900 1641 1954 quicquam

188 1962 372 2015 amplius
413 1975 434 1999 a
476 1959 601 1999 nobis
645 1957 866 1996 desideret.
899 1957 1024 1994 Imm
1055 1959 1097 1994 in
1122 1955 1346 1995 Addendis.
1407 1955 1529 1994 Salva
1562 1955 1644 1995 hac

188 2016 427 2056 honorifica
467 2029 546 2055 nec
584 2028 684 2053 sane
722 2013 929 2051 immerita
970 2011 1219 2063 peritissimi
1246 2010 1402 2063 judicis
1441 2024 1640 2062 censura,

185 2076 316 2126 longe
338 2082 475 2111 tamen
498 2070 657 2119 absum,
674 2079 721 2107 ut
742 2068 972 2107 absolvisse
997 2067 1146 2105 Virum
1168 2067 1288 2105 illum
1308 2068 1497 2105 Doctum
1517 2081 1644 2121 quae·

186 2128 370 2167 stionem
393 2126 445 2165 de
480 2127 639 2179 cyamis
660 2123 958 2177 Pythagoricis
980 2136 1223 2175 persuasum
1242 2122 1432 2162 habeam.
1490 2123 1642 2162 Retra-

187 2194 299 2223 ctare
324 2197 488 2222 omnem
512 2196 701 2220 caussam
724 2191 766 2219 et
786 2195 807 2218 a
842 2178 1056 2231 principio
1076 2177 1127 2215 ad
1151 2177 1275 2216 finem
1297 2191 1430 2231 usque
1452 2177 1645 2232 disputa..

186 2239 322 2277 tionis
342 2238 459 2277 illius
481 2239 592 2277 viam
613 2236 833 2290 persequi,
866 2249 953 2274 nnn
977 2243 1039 2273 est
1069 2232 1197 2286 hujus
1217 2234 1336 2284 iloni:
1369 2247 1506 2287 neque
1533 2233 1640 2274 adeo

188 2294 365 2333 omuino
400 2308 514 2332 nunc
547 2306 742 2346 quaeram
761 2321 772 2338 ,
815 2304 900 2344 quo
934 2288 1104 2328 tandem
1131 2292 1222 2342 jure
1251 2289 1325 2328 sub
1351 2287 1524 2343 κυάμοις
1552 2303 1641 2329 non

172 2350 326 2406 fabae,
361 2348 433 2388 sed
454 2365 550 2398 ova,
583 2348 771 2401 intelligi
793 2346 983 2400 possint,
1019 2354 1062 2385 et
1083 2343 1297 2398 quomodo
1319 2345 1416 2383 talis
1441 2345 1641 2397 opinioe

187 2405 395 2446 Plutarch.
433 2405 646 2457 SymPOSS.
668 2404 722 2441 L.
749 2403 807 2444 ΙΙ.
829 2411 988 2455 quaest.
1019 2407 1059 2446 3.
1100 2410 1143 2439 et
1169 2401 1316 2440 Athen.
1345 2400 1557 2452 Deipnos.
1583 2400 1636 2439 L.

187 2460 248 2502 H.
271 2474 304 2501 c.
323 2466 391 2504 24.
426 2460 580 2499 deduci
600 2472 724 2512 posse
746 2458 1026 2498 existimetur.
1085 2457 1242 2495 Verum
1261 2457 1305 2493 in
1335 2470 1386 2496 eo
1423 2464 1534 2494 certe
1564 2455 1638 2494 hie

189 2516 374 2570 graviter
393 2515 600 2554 taxandus
624 2513 793 2553 videtur
820 2511 1133 2553 dissertationis
1163 2513 1280 2551 illius
1309 2519 1479 2558 auctor,
1521 2508 1638 2563 quod

189 2585 334 2611 eorum
348 2601 360 2619 ‚
394 2583 498 2623 quae
518 2572 722 2610 Lucianus
740 2571 786 2607 in
807 2569 970 2623 aliquot
990 2567 1098 2607 locis
1113 2567 1179 2613 zde
1197 2575 1422 2620 praecepto
1446 2564 1528 2605 isto
1549 2567 1638 2618 Py-

189 2626 394 2683 thagoreo
426 2626 674 2678 proposuit,
720 2625 809 2664 sive
838 2623 1014 2674 callide,
1054 2624 1145 2663 sive
1176 2622 1465 2675 negligenter,
1495 2621 1638 2660 mino-

188 2696 290 2735 rem,
323 2694 449 2736 quam
472 2680 688 2731 debuerat,
718 2681 927 2729 rationem
948 2679 1126 2720 habuit:
1158 2676 1272 2734 quod
1292 2677 1329 2716 si
1350 2676 1432 2716 rite
1451 2675 1649 2725 fecisset,-

1734 2679 1741 2802 ‚-a—;.-.⁴„

1732 2870 1741 2938 *sn-.-
1735 2812 1741 2863 Q<
