1741 3085
261 216 362 264 590
615 224 1365 258 ADNQTA'PIONES

260 329 382 368 Haec
412 324 621 374 Jensiana,
653 336 782 378 quum
804 321 982 362 Reitzius
1005 321 1049 360 in
1072 320 1389 362 Commentario
1420 322 1472 363 ad
1508 326 1706 368 Eunuch.

262 400 298 424 c.
319 391 356 427 2,
385 383 543 421 bonum
563 379 791 419 consilium
812 388 981 418 secutus
1002 378 1207 427 omiserit,
1222 378 1306 428 hic,
1335 389 1542 433 quatenus
1561 385 1708 423 saltem

259 440 343 479 huc
363 439 598 492 pertinent,
630 434 863 476 exscribere
895 437 1054 487 placet:
1087 464 1114 484 „
1130 433 1314 484 Manere,
1356 435 1469 489 apud
1499 438 1704 488 Latinos,

259 506 308 534 ut
337 506 378 534 et
410 495 563 546 μένειν,
604 505 682 530 nec
708 505 793 530 non
835 488 1051 544 ὑπομένειν
1081 490 1196 543 apud
1227 492 1432 542 Graecos,
1471 493 1599 533 etiam
1628 508 1708 546 pro

256 562 482 604 exspectare
493 549 615 598 sumi,
636 562 760 587 nemo
779 550 922 599 paullo
943 546 1170 585 humanior
1188 547 1368 601 ignorat.
1429 549 1489 587 Ut
1512 563 1611 589 vero
1622 551 1709 589 La.

256 608 362 645 tinis
383 607 508 645 etiam
536 620 690 644 manere
718 603 877 641 dicitur
912 603 982 653 id,
1024 601 1140 656 quod
1169 603 1420 655 sperandum
1450 601 1724 656 exspectan-⁴

256 663 410 701 dumve
433 663 489 700 sit
519 663 622 714 (ut,
650 675 778 714 poena
802 661 867 699 vel
881 662 1097 712 praemium
1128 660 1240 697 istius
1244 659 1361 715 facti
1382 676 1441 698 me
1462 663 1620 709 manet)
1645 661 1706 700 ita

253 719 422 771 reperio
462 716 529 767 τὸ,
570 714 783 769 ’ὑπομένειν
814 724 1005 753 sumtum·
1033 714 1083 752 ab
1110 714 1316 764 Luciano,
1359 715 1472 768 apud
1504 730 1629 767 quem
1660 716 1707 756 in

251 774 403 816 Mortt,
427 774 544 816 Dial,
566 773 708 811 XVII.
731 780 836 812 extr.
870 771 931 809 ait
960 771 1196 823 Menippus
1226 772 1433 822 Tantalo,
1469 771 1528 812 Οὐ
1558 772 1706 822 πάντες

253 828 381 882 ὥςπερ
403 828 450 871 σύ
475 831 517 871 ἐκ
537 831 751 880 καταδίκης
767 830 938 878 διψῶσι,
968 831 1042 868 τοῦ
1062 823 1207 873 ὕδατος
1225 822 1372 875 αὐτοὺς
1393 824 1467 881 οὐχ
1485 825 1708 879 ὑπομένον.

249 902 331 934 τος.
391 885 519 924 Haud
536 901 692 934 omnes,
724 882 827 922 velut
858 893 919 930 w,
948 898 1021 935 pro
1049 897 1177 935 poena
1204 882 1368 931 habent,
1406 883 1513 937 quod
1543 886 1705 933 sitiunt,

249 957 356 995 aqua
373 940 465 980 illos
482 957 560 980 non
578 950 782 991 manentc5
811 938 854 976 h-
877 952 911 978 e.
942 939 1183 977 Inferorum
1208 939 1365 991 reliqui
1395 952 1476 977 nec
1504 939 1570 978 illi
1603 940 1707 994 qui-

251 997 345 1035 dem
371 997 546 1047 bibunt,
582 995 744 1035 nemini
764 1005 904 1032 tamen
926 994 1021 1032 sitis
1045 1007 1123 1046 pro
1153 1007 1291 1046 poena
1315 1004 1500 1047 irrogata
1528 1004 1614 1046 est,
1644 995 1705 1035 ita

247 1061 297 1091 ut
326 1067 476 1107 aquam
508 1066 724 1104 nunquam
755 1050 811 1087 sit
840 1058 1057 1088 nacturus.
1124 1048 1283 1088 Nescio
1315 1063 1368 1088 an
1402 1049 1475 1089 hic
1501 1064 1602 1089 usus
1630 1057 1706 1093 τοῦ

245 1106 464 1161 ὑπομένειν
490 1110 619 1162 vulgo
641 1107 698 1145 sit
720 1107 780 1145 ita
802 1114 952 1152 notus;
998 1114 1109 1144 certe
1139 1118 1218 1143 nec
1244 1104 1457 1159 Iri-terpres
1490 1108 1582 1159 ejus
1614 1107 1704 1146 loci

240 1160 425 1204 fluentem
447 1165 550 1203 satis
574 1162 813 1211 intellexit,
844 1175 923 1199 nec
945 1161 1004 1200 H.
1031 1160 1250 1214 Stephanus
1281 1160 1334 1201 de
1364 1160 1445 1201 hac
1477 1162 1704 1203 notatione

245 1219 476 1273 quidquam
497 1221 745 1259 memorat.“
773 1218 930 1256 me.

355 1276 460 1318 Eud.
488 1278 515 1314 1.
539 1281 608 1319 23.
643 1272 749 1316 Κατ’
768 1275 895 1315 ἐκεῖνο
924 1268 1043 1319 αὐτὸ)
1072 1271 1134 1310 Ut
1157 1286 1245 1311 non
1269 1271 1549 1314 desiderarem
1580 1269 1700 1327 αὗτό,

242 1331 280 1369 si
302 1331 486 1381 abesset,
526 1331 588 1370 ita
613 1345 751 1376 nunc,
784 1327 1132 1383 quandoquidem
1157 1337 1296 1368 exstat
1324 1329 1370 1366 in
1402 1331 1569 1369 cunctis
1601 1330 1698 1371 edd.

242 1398 418 1439 excepta
442 1389 507 1427 Fl.
531 1401 605 1425 cur
632 1383 902 1438 repudietur,
948 1397 1135 1422 caussam
1162 1397 1250 1422 non
1279 1384 1419 1426 video.
1476 1386 1529 1425 In
1559 1386 1696 1428 Diall,

239 1443 371 1483 Deor.
393 1443 487 1483 XX.
508 1457 550 1494 p.
576 1446 642 1485 64.
674 1440 775 1482 κατὰ
793 1439 863 1481 τὸν
883 1436 979 1492 ἐμὸν
999 1435 1148 1481 οὖτωσὶ
1168 1437 1378 1482 δάκτυλον.
1409 1441 1595 1483 ΗΕΜΒΤ.

353 1498 456 1538 Ibid.
484 1493 640 1539 Ἐκεῖνο
662 1492 781 1547 αὗγό)
808 1496 1040 1547 Respuunt
1065 1494 1173 1532 illud
1185 1493 1280 1537 αὐτὸ
1296 1496 1378 1534 Ox.
1406 1507 1448 1535 et
1459 1498 1522 1537 Fl.
1544 1498 1698 1552 Agno-

238 1554 320 1591 scit
341 1554 387 1593 P.
416 1568 511 1592 cum
544 1553 720 1607 reliquis
753 1550 982 1606 impressis.
1049 1550 1249 1592 Facessat
1280 1565 1360 1606 ego
1387 1552 1516 1591 etiam
1547 1563 1696 1593 auctor

232 1610 326 1649 sim.
358 1609 527 1649 SOLAN.
1584 1643 1586 1645 ,

346 1665 447 1717 Pag.
493 1669 588 1709 209.
627 1666 656 1703 l.
689 1669 727 1708 1.
764 1661 930 1705 ’Ἐνθα
968 1658 990 1704 ὃ
1029 1658 1154 1703 ‘'1'on
1167 1660 1350 1714 ινθος]
1389 1664 1692 1704 Formosorum

232 1719 346 1773 apud
368 1720 531 1760 inferos
551 1723 909 1760 nomenclatorem
931 1718 1043 1773 agit:
1076 1718 1121 1756 in
1155 1718 1398 1756 memoriam
1429 1733 1584 1758 revoco
1620 1734 1692 1759 ve-

233 1776 525 1815 nustissimum
546 1776 743 1830 Propertii
772 1774 832 1814 lib
853 1775 911 1815 II.
935 1775 1002 1813 El.
1027 1779 1094 1817 21.
1129 1786 1211 1826 qua
1242 1787 1319 1825 pro
1352 1777 1487 1813 salute
1520 1778 1689 1827 puellae

231 1841 334 1869 vota
352 1832 470 1882 facit,
503 1841 560 1883 et,
590 1843 640 1871 ut
657 1833 745 1870 suis
766 1830 961 1884 precibus
982 1831 1157 1870 faveant
1170 1830 1295 1868 Pluto
1315 1831 1493 1883 ejusque
1513 1834 1687 1883 conjux,

229 1887 332 1925 satis
371 1901 459 1928 esse
487 1887 602 1942 apud
636 1888 830 1927 infernos
868 1888 1147 1925 formosarum
1177 1883 1423 1926 confirmat:
1464 1886 1687 1938 pulchram

229 1942 272 1978 in
299 1943 462 1995 superis
481 1945 589 1983 locis
612 1958 739 1982 unam
762 1944 908 1984 vivere
928 1942 1095 1982 sinant:
1127 1939 1202 1980 sed
1230 1940 1323 1994 ipsa
1352 1941 1504 1980 summi
1531 1946 1687 1996 poetae

228 1997 357 2037 verba
381 2009 617 2052 exspectas.

447 2055 558 2094 Sunt
579 2054 693 2108 apud
715 2056 908 2095 infernos
920 2063 989 2093 tot
1017 2052 1153 2091 millia
1173 2053 1478 2094 formosarum:

501 2111 683 2150 Pulchra
708 2112 766 2150 sit
784 2111 828 2148 in
850 2109 1013 2163 superis
1028 2140 1038 2159 ‚
1072 2109 1109 2146 si
1127 2108 1251 2156 licet,
1284 2123 1369 2147 una
1388 2110 1513 2150 locis.

441 2167 676 2209 Vobiscum
703 2176 765 2206 est
783 2167 896 2216 Iole,
930 2165 1149 2205 vobiscum
1165 2163 1352 2202 *candida
1376 2167 1517 2215 Tyro,

496 2223 730 2262 Vobiscum
748 2223 921 2275 Europe
935 2253 946 2271 ‚
978 2235 1056 2259 nec
1078 2218 1208 2272 proba
1228 2219 1460 2272 Pasiphae,

438 2280 499 2318 Et
519 2288 627 2332 quot
645 2279 753 2317 Iona
773 2278 874 2316 tulit
889 2310 899 2327 ‚
933 2287 1053 2316 vetus
1074 2287 1116 2316 et
1137 2274 1242 2329 quot
1262 2275 1427 2314 Achaia
1446 2278 1604 2316 formas

496 2335 556 2372 Et
573 2333 768 2383 Thebae,
800 2344 842 2373 et
863 2333 1019 2372 Priami
1042 2331 1181 2371 diruta
1200 2345 1329 2385 regna
1349 2332 1478 2373 senis.

223 2390 331 2439 Hic,
363 2390 429 2428 uti
451 2390 594 2440 vides,
635 2391 792 2428 formas
824 2398 988 2427 tantum
1020 2388 1223 2442 femineas
1253 2397 1492 2428 enumerat:
1530 2389 1674 2437 Tyro-

221 2460 315 2485 nem
364 2446 474 2484 inter
515 2445 589 2484 has
616 2445 767 2484 inferis
808 2445 934 2483 etiam
969 2443 1159 2482 heroinis
1200 2442 1426 2495 adscripsit
1452 2443 1670 2490 Homerus,

222 2499 338 2554 quod
358 2500 524 2540 erudite
551 2509 675 2540 notat
705 2499 759 2540 Is.
793 2499 957 2539 Vossius
983 2498 1036 2537 ad
1067 2497 1289 2549 Cat1cllum;
1329 2497 1528 2551 quaedam
1563 2497 1671 2536 mihi

219 2565 393 2609 propter
410 2557 633 2595 Lucianum
654 2554 867 2595 notanda:
898 2558 939 2594 in
954 2557 1112 2608 superis,
1134 2553 1278 2606 inquit
1295 2552 1532 2604 Propertius,
1546 2553 1668 2594 locis.-

220 2611 332 2665 apud
369 2612 556 2650 Nostrum
600 2611 768 2664 saepius
796 2611 926 2651 simili
958 2611 1124 2649 ratione
1149 2621 1291 2647 manes
1327 2607 1543 2660 adpellant
1571 2606 1669 2657 τούς

217 2667 302 2710 ἅνω
314 2699 326 2719 ,
356 2668 526 2706 homines
544 2669 585 2706 in
605 2677 729 2716 ferra,
761 2666 869 2720 apud
886 2681 1042 2720 superos
1060 2667 1235 2714 viventes,
1265 2660 1314 2703 τοὶ
1337 2659 1420 2703 ἅνω
1441 2673 1482 2702 et
1503 2662 1552 2704 τά
1563 2660 1663 2717 ὑπὲρ

215 2729 291 2779 γῆς
309 2741 366 2764 res
385 2723 600 2767 humanas.-
627 2722 730 2763 hinc
751 2722 964 2764 emanavit
983 2719 1189 2776 loquendi
1210 2719 1345 2759 forma
1365 2733 1375 2759 τ
1406 2735 1561 2774 superos
1592 2736 1664 2759 “e--
