1741 3132
402 243 461 273 IN
499 245 814 279 nrALocos
850 251 1256 291 Mon‘rnonum.
1451 256 1550 305 579

90 338 146 376 rit
176 338 287 376 infra
316 339 438 380 Dial.
460 341 587 392 XIX,
626 349 662 388 1.
695 354 737 385 et
762 348 951 400 saepiuS‚
985 352 1111 392 etiam
1142 357 1253 408 apud
1283 361 1548 416 antiquiores

86 395 268 433 Atticos.
328 396 504 450 Συυήσω
526 399 718 440 invenies
738 401 783 440 in
807 403 972 447 Soloec.
995 422 1027 450 c.
1044 415 1083 453 2.
1107 411 1180 451 ubi
1206 428 1307 455 cave
1328 420 1546 462 existimes

87 462 181 489 cum
206 454 425 491 nonnullis
456 455 685 506 vituperari
709 456 836 511 hujus
857 462 1018 503 formae
1039 480 1184 519 usum,
1218 485 1344 525 quum
1371 485 1545 518 notetur

83 507 230 559 potius
253 518 480 559 syntaxeos
502 512 627 561 ratio,
646 511 809 564 συνήσω
833 513 896 567 ἄν,
917 521 1022 576 εἴπερ
1043 522 1263 577 θελήσειας.
1325 530 1394 572 Cf.
1416 534 1543 576 etiam

83 562 255 602 Fischer.
275 565 531 604 Animadvv.
556 567 608 606 ad
639 568 790 612 {Vellera
818 574 865 615 Τ.
889 574 946 616 ΙΙ.
969 591 1012 629 p,
1035 584 1131 623 481.
1163 583 1322 626 me.

194 619 297 660 Eacl.
317 624 344 660 l.
373 627 440 664 22.
478 621 553 664 Οἷα
574 623 742 678 πρώην)
774 628 947 685 Dialog.
968 647 1021 672 ex
1046 634 1115 673 his
1144 640 1333 680 versibus
1355 643 1509 696 Odyss.

301 675 377 729 My)
398 677 449 730 δή
472 696 542 731 μοι
557 680 737 724 θάνατόν
753 701 796 738 γε
814 687 1022 740 παραύδα,
1056 692 1220 748 φαίδιμ’
1234 692 1459 754 Ὀδυσσεῦ,

298 736 529 788 Βουλοίμην
549 731 589 778 κ’
610 738 842 797 ἐπάρουρος
854 741 931 790 ἐών
949 749 1169 802 θητευέμεν
1189 750 1292 804 ἄλλῳ

272 784 436 841 ,Ἀνὸρὶ
457 787 556 845 παρ’
589 788 750 851 ἀκλήρῳ
763 829 775 847 ,
808 798 839 854 ᾧ
858 799 911 852 μὴ
930 804 1068 853 βίοτος
1098 806 1222 856 πολὺς
1246 811 1322 864 εἴη,

284 841 353 886 ”H
362 852 486 888 πᾶσιν
504 847 688 892 νεκύεσσι
703 858 1064 908 καταφθιμένοισιν
1090 857 1294 908 ἀνάσσειν.

77 898 227 939 Cetera
248 899 347 941 item
369 916 422 941 ex
440 905 568 943 variis
587 907 693 946 locis
716 909 896 951 Homeri.
935 915 1114 958 Romu).

184 956 286 997 Ead.
305 961 333 1000 l.
355 962 424 1003 25.
463 956 719 1016 Ἐπάρουρος
745 964 832 1017 ὧν)
871 970 1180 1024 Argumentum
1211 977 1339 1031 hujus
1372 981 1538 1039 dialogi

73 1024 125 1051 e‘x
146 1011 321 1054 Homero
336 1014 543 1056 Lucianus
565 1018 776 1061 derivavit
789 1022 868 1065 Od.
882 1031 935 1066 A.
958 1031 1055 1072 488·
1077 1041 1209 1086 utque
1235 1045 1326 1075 erat
1351 1037 1397 1075 in
1422 1041 1539 1091 prin-

71 1067 207 1121 cipem
225 1075 445 1120 poetarum
464 1076 609 1125 paullo
630 1075 847 1130 iniquior,
880 1081 1093 1125 abstinere
1118 1101 1206 1127 non
1228 1093 1397 1143 potuit,
1431 1097 1538 1149 quiri

69 1123 474 1176 animadversionis,
508 1139 644 1170 tectae
665 1133 834 1187 quidem
869 1147 998 1191 atque
1025 1141 1295 1198 ingeniosae,
1326 1155 1537 1192 maculam

68 1176 152 1232 ipsi
173 1179 463 1237 adspergeret5
497 1196 666 1225 secutus
697 1187 776 1228 hac
797 1192 842 1229 in
874 1205 991 1245 parte
1012 1196 1216 1250 Platonis,
1248 1217 1371 1257 quem
1393 1216 1535 1246 tamen

65 1234 204 1286 ipsum
226 1237 328 1276 alibi
351 1253 436 1277 non
458 1243 627 1282 mollius
649 1253 816 1297 tractat,
839 1248 1072 1301 judicium:
1104 1254 1140 1292 is
1165 1257 1278 1296 enim
1304 1260 1435 1302 initio
1457 1264 1533 1303 lib.

64 1291 148 1330 III.
172 1291 222 1331 de
241 1294 349 1347 Rep.
378 1294 454 1334 hos
486 1311 629 1338 versus
656 1299 854 1354 inprimis
886 1306 1082 1361 aliosque
1113 1311 1296 1365 similes,
1327 1326 1534 1370 tanquam

64 1345 118 1385 ad
138 1347 418 1402 frangendum
444 1353 574 1392 animi
597 1355 727 1394 robur
746 1357 928 1400 idoneos
942 1394 954 1412 ‚
989 1368 1301 1420 expungendus
1322 1386 1413 1411 esse
1436 1388 1533 1413 cen-

62 1403 164 1443 suit.
211 1404 339 1459 Quod
358 1406 409 1447 de
425 1408 596 1450 Pelidae
618 1412 832 1466 magistris
854 1418 983 1457 modo
1007 1420 1165 1472 Noster,
1187 1438 1209 1462 a
1233 1425 1403 1467 Platcne
1426 1444 1533 1483 quo-

64 1472 148 1512 que
165 1470 349 1500 sumtum
371 1477 410 1516 p.
431 1469 528 1509 612.
554 1466 609 1509 (λ’
625 1465 832 1521 Ἀχιλλεῦς
856 1478 959 1522 θεᾶς
979 1471 1038 1516 ὢν
1057 1484 1154 1526 παῖς
1173 1482 1239 1522 καὶ
1265 1486 1434 1535 Πηλέως
1452 1501 1531 1528 σω-

59 1515 335 1570 φρονεστάτου
359 1537 399 1561 τε
422 1523 489 1562 καὶ
509 1525 643 1576 τρίτου
666 1523 745 1567 dn&
765 1526 886 1579 Διὸς,
906 1532 987 1572 ’καὶ
1007 1529 1091 1574 13πὸ
1118 1539 1174 1591 τῷ
1194 1538 1412 1596 σοφωτάτῳ
1436 1545 1530 1585 Χεί-

57 1588 155 1624 ρωνι
172 1577 450 1628 τεθραμμένος
470 1588 551 1621 etc.
611 1581 772 1621 Firmat
792 1595 930 1624 autem
954 1591 1171 1642 vulgatam
1190 1593 1361 1634 Homeri
1378 1599 1529 1638 lectio-

55 1642 151 1667 nem
175 1629 422 1686 ἐπάρουρος,
455 1637 575 1686 cujus
597 1636 808 1689 duplicem
832 1641 1146 1697 significatum,
1180 1657 1227 1686 ut
1248 1664 1300 1688 ex
1318 1651 1528 1694 Eustathio

54 1692 98 1723 et
118 1684 313 1740 Hesychio
335 1699 476 1740 patet,
511 1701 672 1731 veteres
692 1708 1007 1748 exposuerunt,
1038 1701 1213 1756 ἐπίγειον
1230 1706 1422 1756 scilicet,
1455 1713 1526 1749 vel

52 1739 263 1795 κηπουρὸν
293 1744 523 1797 ἐπιμίσθιον
543 1747 634 1786 sive
661 1747 731 1790 τὸν
747 1755 824 1804 γῆν
853 1752 1138 1808 ἐργαζόμενον·
1173 1773 1268 1798 cum
1300 1763 1397 1801 aliis
1423 1765 1525 1804 scri-

52 1794 237 1835 bendum
258 1798 490 1851 videretur,
524 1806 752 1858 Βουλοίμην
771 1825 817 1850 κε
833 1810 1044 1865 παρουρός
1063 1811 1150 1864 ε’ὠν,
1183 1814 1227 1853 id
1254 1826 1341 1868 est,
1375 1817 1522 1874 φύλαξ,

52 1853 110 1900 εἰς
129 1853 315 1906 φυλακήν
333 1873 421 1897 τινα
452 1861 693 1912 ταταγμένος
716 1870 992 1916 μισθωτικῶς,
1026 1869 1206 1908 testibus
1230 1872 1402 1927 EtymoZ.
1421 1890 1519 1931 pag.

48 1911 147 1952 353.
181 1919 224 1948 et
251 1911 430 1954 Eustatli.
453 1928 495 1966 p.
526 1920 648 1959 1695.
711 1919 906 1960 Eundem
938 1923 1107 1964 Homeri
1132 1929 1299 1978 locum,
1333 1930 1404 1969 sed
1434 1933 1519 1971 alia

47 1964 229 2016 ratione,
262 1967 369 2007 Dion
396 1967 526 2024 Chrys.
551 1971 750 2014 adhibuit
771 1976 841 2020 Or,
865 1978 940 2021 IV.
961 1993 1003 2032 p.
1028 1984 1096 2024 67.
1118 1982 1167 2022 Β.
1208 1984 1362 2025 Facete
1381 1987 1519 2028 Luci-

47 2017 125 2060 lius
147 2021 261 2076 apud
287 2024 390 2066 Non.
414 2040 452 2078 p.
476 2030 572 2071 519.

264 2079 383 2120 .Nunc
398 2087 540 2134 paucis
559 2088 698 2125 malim
720 2103 771 2127 ac
793 2091 1032 2143 sapientibus
1053 2110 1132 2133 esse
1143 2095 1368 2148 probatum,

253 2131 324 2177 ”H
339 2142 461 2179 πᾶσιν
481 2139 693 2184 νεκύεσσιν
719 2149 1083 2199 καταφθιμένοισιν
1107 2148 1308 2194 ἀνάσσειν.

43 2187 160 2227 Mox
184 2189 314 2232 δειλὸν
335 2207 423 2231 non
447 2195 638 2249 equidem
660 2199 880 2254 improb03
914 2205 1015 2256 quia
1037 2205 1116 2245 hac
1139 2217 1279 2247 tamen
1302 2211 1510 2252 accessio.

44 2256 99 2282 ne
127 2243 318 2299 indigere
348 2262 435 2287 non
463 2251 634 2291 videtur
661 2250 816 2310 ἀγεννῆ
840 2275 929 2299 τινα
958 2258 1118 2315 Φρύγα,
1151 2263 1508 2307 considerandum

43 2309 130 2348 est,
164 2314 215 2338 an
239 2313 421 2354 praestet
445 2308 604 2349 δοῦλον.
642 2311 825 2352 ΗΕΜεΤ.
884 2315 1094 2370 Equidem
1120 2333 1207 2357 non
1231 2324 1505 2372 praetulerim

39 2357 197 2397 δοῦλον.
232 2359 690 2412 AgebaturAntilocho
715 2381 803 2406 non
824 2372 1000 2410 omnino
1014 2371 1343 2415 deilliberalitate
1366 2376 1504 2433 (ἆγεν-

40 2413 158 2467 νείᾳ)
188 2413 425 2469 Phrygum,
456 2417 528 2456 sed
548 2418 598 2459 de
621 2435 691 2472 ea,
724 2436 848 2476 quam
872 2428 1072 2478 ignaviam
1094 2430 1358 2484 (δειλότητα)
1377 2433 1505 2476 dixe-

38 2478 154 2518 runt,
188 2483 295 2522 quae
318 2472 432 2511 vitae
456 2476 686 2516 servandae
709 2478 944 2521 studiosior
964 2494 1039 2535 est,
1073 2500 1198 2539 quam
1220 2502 1357 2527 rerum
1381 2505 1503 2543 prae-

40 2524 148 2562 clare
180 2526 466 2578 gerendarum.
526 2531 867 2585 Exspectabatur
897 2537 1032 2592 igitur
1061 2541 1107 2579 in
1132 2541 1239 2582 bene
1258 2547 1499 2599 composita

40 2579 232 2619 oratione
256 2584 401 2633 potius
428 2584 579 2636 δειλὸν,
615 2602 739 2641 quarn
761 2594 925 2634 δοῦλον.
956 2596 1111 2638 LEHM.

151 2635 249 2687 Pag.
277 2643 412 2682 1991.
436 2647 498 2684 12.
536 2641 725 2699 Ἑκείνη)
754 2647 948 2701 Respicit
978 2652 1029 2690 ad
1056 2668 1201 2696 vocem
1230 2653 1338 2709 δόξα,
1374 2674 1495 2713 quam

37 2688 82 2726 in
103 2690 244 2730 animo
270 2692 449 2736 habebat
465 2698 692 2754 Lucianus,
723 2716 813 2743 non
836 2704 889 2744 ad
912 2705 1120 2766 δοξάριον,
1153 2726 1238 2766 qua
1262 2728 1361 2753 usus
1389 2724 1491 2756 erat.

38 2744 177 2786 Cmm.

1076 2822 1114 2863 Ο
1136 2838 1161 2863 ο
1191 2830 1222 2869 2·
