1741 3132
378 197 439 228 m
473 192 786 227 DIALOGos
822 194 1230 227 monruonun.
1437 183 1533 228 617

72 295 248 336 lentiam
270 294 439 350 Aegiali
468 294 623 332 incolis
646 293 863 334 remissum
898 303 986 332 erat
1007 293 1189 347 vectigal
1210 292 1292 333 hoc
1310 296 1531 341 mortuale,

72 361 299 406 propterea
319 350 434 406 quod
453 350 568 389 illam
584 349 859 388 edocuissent
880 348 931 388 de
952 360 1077 402 raptu
1089 350 1382 403 Proserpinae.
1414 351 1533 388 Haec

72 411 275 461 pleraque
308 419 562 461 quamquam
593 406 638 444 in
663 406 852 459 Stephani
870 405 1089 444 Thesauro
1117 416 1265 458 postea
1292 407 1531 459 repererim,

77 463 318 503 inducenda
347 473 485 502 tamen
509 477 594 502 non
624 462 887 512 existimavi,
920 459 1035 515 quod
1066 462 1156 514 ipse
1185 462 1436 517 quibusdam
1457 462 1531 502 ina

76 519 199 560 rebus
221 523 557 587 locupletassem.
588 541 644 550 --
681 518 862 557 Hssms‘1.
886 518 924 558 Ι.

188 575 291 616 Εαιί.
314 579 341 616 l.
366 581 430 619 12.
451 573 532 629 ''yA
535 577 586 624 ξω
608 576 674 620 σε)
707 573 1018 613 Concinnius'
1001 572 1133 630 α’γχειν
1153 574 1262 625 dici,
1296 590 1420 629 quam
1440 575 1533 618 πνί-

74 649 180 689 γειν,
212 641 360 671 monet
384 630 831 683 leom.]l{lc14.3r.ubiL.
856 630 964 680 Bos,
996 630 1080 669 hoc
1107 631 1233 670 etiam
1264 634 1361 671 loco
1390 634 1532 684 prola·

75 698 146 739 to,
189 689 403 740 propriam
433 701 522 726 esse
549 660 666 725 verbi
691 687 899 725 rationem
926 687 971 724 in
1002 686 1283 726 creditoribus
1317 687 1528 737 ostendit,

76 745 153 797 qui
176 743 388 783 debitores
404 757 551 799 segnes
575 742 744 781 obtorto
766 745 878 781 collo
905 743 1169 795 corripiunt,
1205 744 1342 796 adque
1363 747 1531 782 solven-

74 799 173 839 dum
192 813 259 840 aes
280 800 464 839 alienum
491 797 638 839 acerbe
677 807 853 868 cogunt.
913 798 985 866 Si'c
1008 808 1051 838 et
1078 799 1207 841 Baszl.
1231 801 1360 839 Hom.
1381 799 1427 838 in
1462 801 1529 839 Ps.

74 855 192 899 XIV.
214 870 254 909 Ρ.
279 860 373 899 109.
393 857 451 897 D.
485 872 505 897 ο
527 853 776 908 δανειστης’
758 872 801 896 εν
820 860 905 904 ταῖς
938 850 1105 910 αγοραῖς
1123 855 1253 910 ἄγχει·
1283 858 1438 910 πνίγειν
1473 865 1535 894 ta-

73 927 179 952 men
190 911 333 952 eadem
349 921 560 966 potestate
586 927 610 952 a
640 911 954 966 probatissimis
980 912 1262 966 scriptoribus
1292 921 1534 965 usurpatur

70 968 255 1009 Hssmsr.

186 1024 289 1064 Eud.
311 1028 340 1065 1.
361 1029 426 1069 14.
458 1029 545 1068 Σου
564 1022 740 1076 πατάξας
768 1027 804 1068 δ.
839 1022 885 1067 τὰ
912 1026 1106 1080 κρανίον)
1149 1025 1334 1066 Suavius
1365 1034 1451 1074 est,
1492 1033 1536 1064 et

72 1081 361 1121 venustiorem
384 1081 555 1121 Atticae
579 1091 814 1122 structurae
842 1082 1019 1121 formam
1047 1083 1253 1134 praefert,
1288 1080 1403 1136 quod
1433 1083 1535 1119 vul—

73 1146 221 1191 gatur,
264 1151 391 1190 quam
427 1137 593 1178 Graevio
621 1137 801 1191 probata
827 1137 977 1190 scripti
1011 1137 1173 1176 codicis
1198 1139 1351 1177 lectio:
1394 1139 1535 1176 solent

70 1206 198 1245 saepe
218 1193 468 1232 Genitivum
485 1194 535 1232 ab
561 1208 611 1234 eo
636 1193 824 1244 nomine,
856 1193 971 1233 unde
991 1193 1161 1247 pendet,
1176 1193 1379 1233 nonnihil
1400 1206 1536 1232 remo-

71 1262 194 1288 vere:
226 1258 275 1286 ut
295 1249 466 1289 Nos-'ter
455 1265 501 1288 in
526 1250 734 1317 Necyom
758 1266 838 1302 μου
857 1249 960 1304 πρὸς
982 1248 1026 1291 τὸ
1045 1248 1272 1319 πρόςωπον
1287 1247 1531 1297 ἀποπτύσας.

73 1305 366 1346 Dia11.Deor.
396 1307 622 1356 V11.0.1
663 1303 808 1348 τούτου
835 1306 912 1361 γάρ
943 1308 1135 1357 ἐξείλκυσε
1162 1304 1304 1348 λαθων
1331 1323 1403 1347 του
1436 1322 1534 1347 κου-

58 1365 170 1403 .λεοῦ
189 1360 234 1403 τὰ
253 1363 394 1428 ξίφος.
425 1362 521 1416 Lv-
546 1377 586 1414 Ρ
607 1367 676 1407 93
697 1376 738 1401 v.
765 1367 831 1405 17.
866 1367 934 1405 20.
967 1361 1099 1404 πάντα
1130 1380 1209 1416 μου
1239 1365 1296 1411 εἷς
1324 1360 1399 1415 τὴν
1430 1358 1533 1417 γνώ-

58 1434 157 1470 -μην
183 1414 325 1485 εἰςῄει·
367 1427 410 1458 et
435 1417 561 1460 ταῦτά
591 1436 670 1474 μου
702 1416 833 1460 πάντα
859 1421 916 1467 εἰς
938 1416 1012 1470 τὴν
1039 1417 1205 1473 γνώμην
1231 1416 1360 1474 εἰςήει.
1399 1418 1531 1470 Long-

74 1487 118 1527 Ρ.
145 1478 214 1516 71.
246 1472 400 1515 τούτων
415 1472 595 1528 ὀρνίθων
618 1476 686 1516 ἐπὶ
710 1471 915 1529 προφάσει
932 1471 1078 1527 θήρας.
1107 1476 1309 1515 A1istaen.
1329 1474 1365 1514 I.
1387 1474 1470 1525 Ep.
1489 1478 1528 1517 9.

74 1532 300 1583 διανίστησι
317 1547 366 1572 πε
351 1533 574 1580 πτωκυίας
592 1529 816 1585 λαβόμενος
840 1535 912 1584 τῆς
932 1534 1080 1580 δεξιᾶς’
1112 1532 1189 1570 ubi
1211 1533 1391 1569 multum
1413 1530 1534 1568 falla-

73 1594 167 1635 tur,
207 1586 245 1625 si
276 1587 373 1640 quis
403 1604 452 1629 πε
454 1591 658 1630 πτωκυίαν
683 1597 876 1640 reponat.
936 1586 1057 1627 Plato
1079 1587 1210 1626 initio
1237 1587 1426 1626 Parmen.
1454 1604 1534 1639 μου

73 1617 295 1696 λαβὲμενος
313 1648 386 1694 τῆς
403 1642 552 1707 χειρός·
585 1657 670 1698 quo
707 1643 752 1680 in
782 1657 958 1697 genere,
1000 1643 1153 1696 quod
1141 1657 1411 1682 innumerum
1445 1651 1534 1692 est,

74 1707 166 1737 tum
187 1708 360 1737 ornatus
385 1699 594 1738 orationis
614 1707 854 1750 spectatur,
896 1708 986 1738 tum
1019 1698 1284 1738 vehementia
1321 1712 1410 1736 non
1444 1698 1533 1737 nisi

75 1767 99 1793 a
123 1754 262 1822 perito
285 1752 426 1807 judice
448 1754 697 1801 sentienda,
727 1757 847 1793 velut
871 1755 918 1793 in
937 1755 1012 1793 illo
1034 1754 1222 1793 Socratis
1245 1752 1296 1792 ad
1312 1753 1533 1792 Antisthe-

76 1823 198 1860 nem,
223 1806 330 1874 Ὁρω
353 1824 426 1852 σου
445 1811 513 1853 διὰ
530 1809 603 1853 τοῦ
622 1813 816 1866 τρίβωνος
828 1809 902 1864 τὴν
925 1812 1174 1864 φιλοδοξίαν.
1230 1809 1427 1865 Diogeni
1443 1809 1533 1862 Cy·-

76 1866 179 1904 nico
202 1867 424 1905 minitatur
443 1867 600 1934 aliquis
621 1867 941 1920 superstitiosus
962 1865 1077 1920 apud
1095 1867 1259 1919 Diogen.
1290 1866 1344 1906 L.
1369 1866 1441 1916 VI,
1464 1871 1533 1910 48.

77 1926 151 1985 μιᾷ
165 1926 297 1979 πληγή
323 1921 396 1975 τὴν
430 1921 613 1976 κεφαλην
642 1937 717 1965 σου
749 1922 962 1977 διαῤῥηξω.
1031 1921 1161 1974 Quod
1189 1921 1387 1975 sequitur
1405 1921 1537 1975 μάτην

76 1977 138 2016 ita
157 1989 359 2031 ceperunt
390 1979 668 2032 interpretes,
702 1979 821 2032 quasi
848 1978 961 2017 nihil
987 1978 1176 2017 differret
1200 1993 1223 2017 a
1248 1983 1420 2031 προῖκα·
1462 1992 1535 2017 ne·

79 2047 165 2088 que
205 2032 412 2084 diffiteor,
455 2036 491 2073 si
532 2035 783 2075 sententiam
814 2034 1045 2087 adspicias,
1088 2034 1252 2098 optime
1277 2034 1534 2080 convenire;

77 2089 151 2130 sed
171 2091 373 2144 quoniam
394 2091 596 2130 renititur
624 2104 723 2129 usus
757 2090 959 2128 vocabuli
995 2090 1277 2139 certissimus,
1310 2104 1334 2128 a
1366 2089 1535 2130 Graevio

77 2149 171 2201 jure
194 2175 196 2177 -
217 2147 444 2201 castigatos
465 2147 687 2193 existimo,
741 2159 914 2200 eamque
946 2146 1131 2185 Luciano
1162 2146 1296 2185 fuisse
1326 2155 1537 2187 mentem:

78 2218 170 2255 ergo
191 2213 231 2241 iu
236 2202 399 2257 frustra
421 2206 628 2257 susceperis
648 2213 727 2241 tam
739 2201 976 2256 longinquae
997 2204 1261 2254 navigationis
1280 2205 1435 2241 inanem
1453 2218 1539 2241 mo-

77 2258 254 2306 lestiam,
295 2259 506 2312 siquidem,
547 2261 624 2297 nisi
653 2269 780 2296 ratam
815 2258 924 2298 oboli
947 2258 1158 2296 mercedem
1180 2260 1461 2310 eoepromseris,
1494 2261 1538 2296 in:

78 2317 200 2353 vitam
219 2313 292 2353 tibi
307 2314 655 2354 eritredeundum:
695 2314 844 2353 confer
864 2315 922 2354 D.
955 2313 1127 2354 XXIII.
1161 2313 1196 2366 ξ.
1220 2320 1260 2358 8.
1303 2313 1402 2353 ideo
1433 2327 1534 2352 mox

78 2371 343 2422 Menippus,
377 2372 494 2424 ἐχρῆν
514 2369 581 2412 διὰ
598 2375 717 2411 τοῦτο
751 2368 805 2423 μὴ
837 2365 1086 2411 ἀποθανεῖν·
1126 2383 1205 2409 nec
1233 2372 1412 2409 multum
1448 2368 1537 2407 abit

78 2424 245 2480 Apuleji
265 2428 413 2478 j0cus‚
434 2442 512 2511 {lues
528 2426 687 2482 siforte
702 2442 800 2480 prae
817 2441 938 2464 manu
956 2424 1199 2480 mansuevit,
1232 2441 1341 2465 nemo
1361 2442 1446 2464 eum
1466 2440 1539 2464 ex·

78 2484 229 2535 spiram
248 2481 454 2534 patietur.
483 2481 681 2521 Ceterum
704 2480 814 2520 illud
832 2479 965 2535 μάτην
981 2481 1026 2518 in
1046 2481 1364 2534 Episcoporum
1387 2490 1538 2520 contra

79 2537 259 2576 Paulum
281 2538 615 2576 Samosatensem
639 2537 820 2590 epistola
839 2536 953 2605 apud
973 2536 1109 2579 Euseb.
1130 2538 1190 2577 H.
1210 2538 1262 2579 Ε.
1282 2537 1383 2577 VII.
1405 2551 1441 2575 c·
1467 2541 1537 2581 30.

82 2605 179 2657 pag
198 2597 294 2636 361
326 2607 408 2631 usu
437 2593 597 2632 rariore
620 2593 822 2645 ponitur:
853 2590 982 2646 μάτην
1000 2591 1282 2661 καρπούμενος
1298 2590 1371 2646 τὴν
1394 2597 1473 2633 τῶν
1496 2593 1541 2632 ἐν

82 2645 312 2702 πράγμασιν
332 2647 459 2691 ’όντων
484 2646 714 2700 ἑτοιμότητα
733 2647 835 2701 πρὸς
869 2647 914 2689 τὸ
938 2646 1095 2690 διδόναι
1124 2660 1204 2688 etc.
1237 2649 1283 2688 id
1311 2658 1397 2698 est,
1427 2646 1540 2686 nulla

80 2716 152 2757 pro
171 2706 345 2757 pecuniis
362 2708 532 2760 acceptis
557 2719 674 2760 opera
700 2704 877 2746 reddita.-
893 2704 1122 2763 frustratus
1150 2721 1283 2747 eorum
1316 2719 1442 2757 spem,
1474 2704 1541 2757 qui
