1741 3132
374 211 433 241 IN
471 209 781 241 unrocus
818 210 1086 247 DEORUM.
1413 207 1509 258 337

53 307 380 366 distinguendo,
415 307 635 348 Salmasius
669 308 923 347 certioribus
952 310 1079 349 etiam
1111 314 1365 368 argumentis
1390 326 1511 367 pare.¹

51 369 157 408 fecit
184 367 234 405 ad
266 365 390 406 Solin.
415 380 454 417 p.
478 366 639 410 880.1‹‘.
668 365 821 404 etenim
855 364 939 419 εἶαρ
974 365 1043 404 hic
1073 382 1158 406 non
1191 386 1276 420 ver,
1312 373 1508 424 quemad-

51 424 223 463 modum
255 421 320 460 illi
353 432 452 460 sunt
486 421 700 470 arbitrati,
745 420 817 459 sed
843 425 1068 475 sanguinem
1096 424 1280 466 indicat:
1324 429 1509 481 Cypriae

53 480 235 519 dialecto
259 492 345 516 vox
369 479 564 531 propria3
601 475 687 518 vid.
712 476 887 531 Ησεχσιί.
913 478 955 515 in
978 476 1101 530 ’'an,
1128 480 1247 535 Εἶαρ,
1274 477 1399 537 'Ham
1417 483 1510 528 'Hs-

52 534 251 591 ροπότης,
282 533 427 585 ”Ιοιρα,
467 529 730 587 Ἰαροπότης,
762 543 804 572 et
835 535 997 588 Fragm.
1034 534 1271 577 Callimachi
1298 540 1435 579 Bentl.
1469 557 1510 580 n.

52 592 161 634 CCI.
187 591 444 631 CCXLVII.
475 590 642 643 Ορρίαη.
666 588 854 630 Halieut,
883 590 942 640 ll,
967 596 1060 635 618.
1087 604 1127 631 et
1152 593 1290 635 Schol.
1314 610 1420 648 quae
1445 609 1511 636 ta-

51 663 145 688 men
168 656 356 701 potestas
379 645 625 697 ceteroquin
647 644 890 684 Salmas-ium
911 646 1048 698 ipsum
1072 662 1158 687 non
1181 650 1374 704 fugiebat
1396 654 1508 695 Plin.

50 705 204 743 Exere.
226 719 266 757 p.
290 707 385 745 9,;6.
414 702 489 740 ubi
524 701 703 754 Scaliger
735 702 945 740 immerito
981 704 1223 758 castigatur.
1284 707 1375 747 Jarn
1410 724 1511 748 sen..

50 760 209 810 tentia,
245 759 289 796 ni
321 759 471 802 fallor,
501 772 699 797 versuum
722 766 784 796 est
812 760 1074 809 planissimag
1111 761 1216 800 illud
1237 764 1441 803 eximium
1468 776 1512 804 et

50 831 147 856 vere
177 814 340 865 poetici
377 814 556 861 colorisv,
600 814 850 868 γεγραμμένα
884 814 1147 865 κωκύουσαν,
1179 821 1274 871 ipsis
1309 819 1512 860 literarum.

48 874 152 911 notis
171 871 318 910 luctum
345 873 603 924 gemitumque
624 870 861 923 prodentem.
920 871 1052 911 Porro
1081 873 1268 913 fabulam
1288 886 1513 929 utramque

50 942 144 967 cum
164 927 365 978 reperiret
390 926 574 976 Ovidius,
607 926 830 981 ingeniose
865 928 1094 978 conjunxit
1117 930 1296 971 Metam.
1320 931 1383 984 X,
1414 938 1512 977 2U8.

22 996 25 1000 ’
47 983 184 1032 XIII,
208 987 303 1025 397.
327 981 482 1021 deinde
505 983 642 1020 secuti
665 992 764 1020 sunt
787 996 880 1021 eum
903 983 1082 1034 Servius,
1114 986 1275 1039 aliique
1297 987 1512 1028 Gramma-

48 1039 142 1079 tici.
188 1040 368 1079 Hnmsr.
440 1037 509 1078 Cf.
549 1038 690 1091 Gierig.
728 1037 779 1078 ad
819 1038 936 1078 Ouid.
970 1040 1080 1079 Met.
1113 1041 1177 1093 X,
1207 1048 1304 1087 211.
1338 1056 1379 1084 et
1412 1049 1511 1090 215.

50 1096 210 1135 LnnM.

161 1150 263 1191 Ead.
291 1153 317 1191 1.
345 1153 412 1195 25.
459 1149 512 1192 T&
546 1151 587 1192 δὲ
616 1151 685 1193 καὶ
712 1151 840 1205 χωλὸν
873 1156 979 1203 etc.)
1022 1154 1202 1193 Initium
1235 1154 1396 1211 dialogi
1426 1167 1514 1198 tam

49 1207 298 1260 abruptum,
330 1217 370 1246 et
404 1208 455 1247 ab
484 1207 558 1245 illa
588 1207 809 1247 Lucianea
846 1211 1053 1249 sermonis
1088 1211 1283 1250 ordiendi
1312 1213 1513 1266 expedita

49 1264 259 1303 facilitate
280 1262 532 1312 abhorrens,
565 1273 614 1300 ut
637 1277 782 1314 parum
809 1264 943 1311 absit,
977 1266 1082 1318 quin
1110 1263 1381 1307 intercidisse
1403 1285 1513 1308 non-

47 1322 165 1359 nulla
185 1329 388 1358 statuam:
422 1334 515 1357 nam
537 1319 652 1357 aliud
689 1320 857 1372 quidem
881 1322 1146 1374 colloquium
1181 1324 1400 1377 utriusque
1424 1340 1514 1363 nu..

47 1375 176 1415 minis
209 1375 372 1429 reperio
403 1378 591 1425 nullum,
645 1390 737 1413 cum
777 1391 862 1429 quo
898 1376 1118 1416 commode
1155 1380 1354 1418 connecti
1385 1395 1513 1433 posse

46 1431 255 1472 videatur.
302 1428 541 1483 ‘'Hffiocmwv
574 1430 821 1483 adposuisse
857 1432 1039 1485 aliquem
1069 1435 1265 1487 suspicor
1292 1435 1336 1473 in
1358 1439 1513 1491 margi·

45 1502 124 1538 ne,
159 1498 229 1538 ut,
263 1486 312 1526 de
334 1501 418 1540 quo
444 1501 576 1526 sermo
599 1486 846 1538 haberetur,
880 1488 1108 1528 indicaret:
1141 1491 1411 1542 postmodum
1437 1493 1513 1533 illa

45 1559 155 1594 vox,
191 1543 542 1595 quemadmodum
574 1557 697 1596 saepe
722 1543 810 1582 fieri
845 1547 975 1594 solet,
1011 1545 1053 1582 in
1084 1556 1332 1585 contextum
1358 1549 1514 1603 migra..

43 1601 124 1640 vit.
185 1600 231 1638 Si
262 1599 357 1652 quis
391 1599 439 1637 ab
470 1604 664 1652 exemplo
689 1600 807 1640 Dial.
832 1601 888 1639 11.
926 1610 966 1638 et
987 1601 1144 1642 XXIV.
1168 1616 1408 1656 quanquam
1432 1619 1513 1644 eo·-

9 1695 16 1699 χ
44 1671 135 1696 rum
159 1655 324 1694 diversa
346 1665 408 1694 est
430 1655 560 1704 ratio,
596 1655 888 1695 defensionem
910 1667 1053 1708 paret,
1089 1667 1178 1695 tum
1200 1668 1309 1697 certe
1333 1663 1511 1711 parvula

43 1711 282 1752 mutatione
313 1711 540 1750 lectionem
572 1714 784 1765 vulgarem
820 1713 1005 1765 adjutam
1038 1713 1205 1751 malim:
1263 1713 1340 1755 Τὸν
1370 1716 1412 1756 δὲ
1441 1719 1512 1759 καὶ

43 1767 172 1824 χωλὸν
192 1766 287 1811 ὄντα
307 1765 376 1809 τὸν
400 1764 637 1816 ῃΗφαιστον
659 1778 738 1807 etc.
775 1769 953 1809 ΗΕΜεΤ,
1015 1768 1225 1807 Turbavit
1243 1768 1347 1809 haec
1367 1773 1512 1826 magni

44 1825 131 1866 viri
165 1823 385 1862 adnotatio
416 1822 599 1861 Belinum
626 1832 667 1861 et
699 1823 1014 1874 Sclzmz'ederum,
1047 1834 1095 1862 ut
1126 1825 1230 1864 adeo
1260 1828 1513 1867 venustissi⁴

45 1896 161 1921 mum
200 1893 430 1919 sermonem
474 1878 669 1916 codicum
712 1878 976 1933 quorundam
1020 1880 1215 1918 sordibus
1255 1880 1511 1924 dedecorare

45 1951 136 1976 non
166 1936 471 1975 erubescerent.
532 1934 753 1988 Loquitur
782 1935 832 1973 ab
862 1936 990 1974 initio
1017 1937 1284 1984 Mercurius,
1319 1953 1429 1986 nou,
1462 1950 1514 1979 ut:

6 2019 14 2024 -
45 1994 93 2033 in
120 1991 242 2031 codd.
266 1995 389 2035 2956.
413 2000 455 2030 et
478 1990 621 2040 G0r1.‚
659 1993 838 2043 Apollo,
874 1991 989 2044 quod
1022 1992 1251 2032 remedium
1279 1993 1329 2031 ab
1360 2009 1409 2033 eo
1439 2011 1514 2034 ex-

18 2074 21 2076 ·
45 2048 278 2101 cogitatum
302 2047 449 2096 credo,
485 2060 607 2100 quem
642 2050 747 2085 male
772 2046 993 2087 habuisset
1013 2048 1259 2104 abruptior,
1296 2064 1403 2102 quae
1426 2051 1512 2103 ipsi

45 2104 282 2151 videbatur,
316 2103 466 2141 oratio.
528 2102 652 2142 Unde
674 2114 714 2142 et
739 2104 890 2141 omissa
913 2103 972 2141 ibi
995 2104 1025 2144 ὦ
1046 2103 1251 2146 ’'Amomov.
1314 2106 1510 2145 Arbitrio

47 2170 186 2200 autem
207 2160 316 2198 hanc
337 2157 616 2197 mutationem
642 2158 807 2206 deberi,
842 2159 993 2196 clasius
1023 2161 1148 2198 etiam
1179 2160 1285 2198 illud
1308 2161 1510 2212 ostendit,

46 2215 163 2270 quod
186 2215 230 2253 in
251 2214 346 2255 cod.
374 2219 495 2257 1428.
521 2216 664 2266 paullo
685 2214 866 2252 inferius
883 2215 1092 2253 lVIercurii
1116 2230 1251 2254 sermo
1272 2219 1353 2267 jam
1372 2231 1393 2255 a
1419 2232 1512 2256 ver„

43 2272 112 2312 bis
133 2269 238 2323 πλὴν
270 2269 394 2312 ἐκεῖνό
415 2287 456 2325 γε
487 2274 603 2325 (vel,
639 2270 702 2307 uti
728 2269 884 2308 vitiose
920 2270 1097 2323 legitur,
1130 2274 1291 2313 ἐκείνων
1312 2277 1376 2326 γε)
1400 2273 1510 2311 inci-

43 2329 125 2383 pit.
187 2327 358 2366 Deinde
387 2326 513 2365 etiam
547 2324 656 2362 nihil
689 2324 794 2363 mihi
830 2324 996 2377 quidem
1035 2328 1188 2365 certius
1214 2341 1301 2365 esse
1324 2328 1508 2380 videtur,

47 2398 189 2439 quam,
207 2383 455 2437 quaelectio
479 2396 500 2419 a
515 2381 644 2421 Sclzm.
665 2390 828 2433 recepta
851 2391 912 2419 est
933 2396 983 2419 ex
1003 2387 1126 2426 2956.
1140 2395 1181 2422 et
1197 2384 1313 2421 Gorl.
1328 2414 1340 2432 ,
1365 2387 1512 2437 χαλκέα,

45 2439 118 2493 τὴν
150 2442 306 2493 τέχνην,
340 2454 429 2479 eam
460 2437 635 2476 nonnisi
666 2437 928 2490 glossematis
954 2439 1127 2477 nomine
1150 2438 1275 2479 vendi
1301 2441 1507 2492 potuisse,

47 2495 164 2549 quod
188 2496 347 2535 bonum
364 2495 497 2534 Βεῖἰηὶ
514 2491 722 2545 judicium
748 2492 821 2536 hic
842 2493 1000 2544 potiuS,
1035 2509 1156 2548 quarn
1179 2494 1294 2539 alibi,
1327 2510 1511 2549 sequen·

48 2552 147 2591 dum
181 2552 264 2590 fuit
298 2550 559 2591 Schmiedero.
635 2549 778 2587 Unum
812 2550 957 2601 itaque
987 2549 1068 2588 hoc
1099 2554 1310 2590 lucramur
1343 2566 1394 2590 ex
1422 2552 1508 2591 illis

49 2606 172 2647 codd.
206 2608 393 2657 collatis,
426 2606 541 2660 quod
571 2605 857 2644 Hemstcrlmsii
885 2604 935 2643 de
960 2607 1133 2645 nomine
1154 2604 1391 2658 “quroz-ov
1415 2622 1508 2646 sen-

47 2663 184 2703 tentia
219 2662 500 2701 confirmatur.
559 2662 669 2700 Nam
708 2675 791 2699 non
816 2674 922 2713 opus
945 2662 1139 2712 profecto
1159 2672 1247 2703 erat
1271 2663 1508 2701 famosissi-

16 2719 24 2734 ’“
49 2734 162 2760 mum
182 2733 331 2757 nomen
356 2722 425 2758 vel
445 2719 490 2757 in
510 2718 742 2773 Apollinis,
767 2719 834 2759 vel
855 2717 903 2757 in
921 2717 1106 2770 lectoris,
1137 2718 1317 2775 gratiam
1335 2717 1505 2771 addere,

95 2787 244 2820 Lucian.
269 2783 350 2818 Vol.
371 2787 416 2818 II.
1193 2777 1234 2815 Y
