1741 3132
361 238 417 268 1N
457 237 773 268 nmnocos
810 238 1217 273 mon‘rnonnzvr.
1412 235 1506 280 61].

54 337 143 378 tius
174 339 338 376 vultum
367 337 492 375 facile
524 348 695 374 movere
725 335 961 388 potuisset:
994 337 1094 377 vide
1123 339 1241 381 Cicer.
1265 341 1316 381 T.
1341 342 1399 381 D.
1425 344 1510 386 Ill.

55 399 94 446 9.
113 399 182 438 31.
207 406 400 449 quaeque
431 401 584 431 notant
609 390 790 431 Gazaker.
825 391 877 429 ad
899 393 1093 435 Antonin.
1116 396 1150 435 I.
1180 400 1218 445 ὓ.
1239 402 1278 441 8.
1300 397 1434 438 Kulm.
1457 401 1511 440 ad

53 451 216 492 Aelian.
241 450 288 488 V.
312 450 366 487 H.
392 449 475 497 IX,
503 454 540 491 7.
568 446 753 501 Ἀτρέστῳ
777 447 1094 499 suppeditatum
1125 467 1145 489 a
1168 452 1209 493 P.
1232 455 1268 491 si
1291 455 1436 509 exigas
1457 456 1511 496 ad

54 505 243 563 ἀτρέπτῳ,
276 504 484 559 ejusmodi
508 514 582 552 est,
615 515 664 542 ut
693 502 936 554 difficulter,
968 516 1109 545 utrum
1133 523 1155 547 a
1175 508 1358 549 Luciano
1378 513 1514 552 fuerit

54 565 315 619 profectum,
349 571 533 600 statuere
555 561 709 606 liceat·1
736 558 843 598 illud
871 559 920 602 οὔ
944 559 1049 604 πάνυ
1083 568 1255 606 δεδιέναι
1272 568 1309 603 si
1331 579 1511 619 spectes,

54 623 234 673 palmam
275 618 386 656 forte
422 617 585 655 dederis
614 615 716 654 huic
744 616 949 665 lectioni;
1000 621 1245 670 praesertim
1286 624 1514 665 accedente

53 676 244 723 Platone,
277 674 350 728 qui
377 672 559 712 Socratis
593 671 784 710 habitum
811 672 938 712 fatale
968 679 1169 726 poculum
1201 677 1394 717 hausturi
1424 695 1515 731 gra-

53 732 180 785 phice
200 730 399 783 depingit
420 729 461 766 in
485 727 642 767 Phaed.
662 742 703 780 p.
720 733 785 772 86.
804 728 855 766 Ε·
877 731 945 770 καὶ
965 729 1010 778 ὃς
1028 730 1159 784 λαβών
1178 738 1244 774 καὶ
1262 733 1365 785 μάλα
1382 724 1512 787 ἰ’λὲως,

54 788 175 831 οὐδὲν
215 789 456 836 ΤΡΕΣΑΣ,
491 780 584 826 οὐδὲ
611 787 857 839 διαφθείρας
891 783 982 828 οὔτε
1004 792 1079 830 τοῦ
1098 785 1300 842 χρώματος
1325 789 1414 833 οὔτε
1442 798 1516 835 τοῦ

54 841 293 898 προςώπου,
326 839 429 889 ἀλλ’,
463 838 590 895 ὧςπέρ
619 838 778 891 εἰώθει,
809 842 1012 895 ταυρηδὸν
1042 840 1290 899 ὑποβλέψας.
1367 848 1517 888 Solent

55 911 195 939 autem
219 900 291 937 illa
315 897 521 937 vocabula
542 900 671 952 vulgo
696 911 718 935 a
736 897 922 936 librariis
943 901 1195 952 permutari:
1227 906 1344 942 velut
1366 904 1412 942 in
1435 904 1516 944 Jo-

53 956 168 1010 sepho
191 955 241 994 de
261 955 307 997 B.
330 955 366 996 J·
387 954 491 1004 VII,
516 959 553 998 8.
576 968 615 1007 Ρ.
641 958 736 998 430.
759 967 839 1006 pro
867 954 1061 1010 φρόνημα
1079 956 1183 1012 πρὸς
1207 957 1302 1008 τούς
1324 957 1422 1013 ὑπὲρ
1445 966 1517 1013 τῆς

52 1013 280 1066 ἐλευθερίας
297 1007 518 1059 κινδύνους
538 1008 742 1064 ἄτρεστον,
765 1008 850 1048 duo
873 1024 959 1049 non
984 1013 1213 1064 spernendi
1236 1014 1372 1055 Codd.
1397 1030 1518 1068 prae-

52 1070 197 1109 ferunt
233 1067 451 1117 ἄτρεπτον·
501 1067 652 1105 similis
684 1066 867 1106 variatio
911 1078 1086 1107 notatur
1113 1069 1163 1107 ab
1199 1070 1380 1109 eruditis
1412 1073 1517 1111 viris

53 1123 167 1171 apud
195 1124 357 1163 Aeliam.
389 1123 441 1163 V.
470 1123 526 1162 H.
558 1123 610 1168 V,
640 1128 678 1166 6.
710 1122 827 1172 XIV,
862 1128 928 1166 31.
990 1123 1042 1161 In
1063 1125 1208 1165 Nostro
1238 1136 1379 1167 tamen
1404 1128 1518 1168 nihil

52 1172 141 1219 esse
159 1179 406 1219 novandum
435 1178 583 1228 credo,
618 1178 717 1232 quia
743 1178 979 1218 sententiae
1013 1195 1097 1219 non
1123 1183 1286 1232 minus,
1321 1197 1445 1237 quam
1467 1185 1518 1222 il-

51 1235 125 1275 lud
150 1239 342 1283 alterum,
358 1237 487 1273 servit>
507 1232 701 1289 ἄτρεπτον
725 1231 941 1287 πρόςωπον
963 1236 1123 1288 optime
1144 1237 1406 1291 respondeus
1429 1254 1517 1279 ver-

52 1291 118 1331 bis
141 1291 324 1333 Platonis
343 1287 460 1333 οὐδὲν
479 1293 722 1344 διαφθείρας
741 1288 832 1333 οὔτε
851 1295 926 1333 τοῦ
943 1289 1162 1345 χρώματος,
1194 1292 1289 1336 οὔτε
1307 1300 1381 1337 τοῦ
1397 1312 1521 1346 προς-

53 1346 188 1391 dno-v·
230 1348 383 1387 iterum
416 1348 461 1385 in
495 1347 593 1388 Ver.
623 1347 739 1387 Hist.
759 1346 819 1387 II.
847 1361 882 1385 c.
908 1352 974 1392 23.
1001 1348 1195 1389 Socrates
1224 1349 1269 1393 τό
1300 1350 1520 1405 πρόςωπον

50 1402 261 1458 ἄτρεπτοςν
304 1403 404 1442 vide
433 1402 611 1455 Lapith.
645 1418 680 1443 c.
704 1408 767 1447 16.
813 1403 969 1442 Verum
1003 1418 1164 1457 paucos
1194 1406 1288 1446 fore
1321 1407 1517 1458 arbitror,

50 1459 261 1514 siquidem
287 1458 578 1508 adtenderint,
611 1460 794 1514 quinon
821 1458 1094 1503 offendantur
1121 1462 1385 1501 inconcinna
1409 1473 1522 1502 stru-

51 1526 168 1556 ctura
191 1511 320 1558 ἐδόκει
351 1548 359 1556 .
393 1548 401 1556 .
435 1548 443 1556 .
478 1518 631 1556 δοκῶν·
665 1514 945 1555 exterminata
971 1529 1078 1555 voce
1099 1526 1315 1569 postrema
1332 1520 1519 1575 expoliri

49 1572 210 1627 poterit
238 1571 309 1610 hic
339 1574 459 1610 locus
496 1572 571 1610 tali
604 1581 756 1624 pacto:
807 1570 1062 1613 παντάπασιν
1101 1570 1226 1615 ἐδόκει
1256 1571 1433 1631 ἀτρέπτῳ
1467 1579 1524 1616 τοῖ’

49 1627 249 1684 προςώπῳ
269 1628 488 1682 προςιένοιι,
517 1628 583 1669 καὶ
605 1625 655 1669 οὗ
676 1626 786 1668 πάνυ
809 1629 976 1669 δεδιέναι
1007 1625 1079 1670 τὸν
1096 1625 1293 1677 θάνατον,
1324 1632 1390 1672 καὶ
1408 1619 1520 1672 τοῦτ’

51 1686 230 1739 ἐμφῆναι
249 1690 333 1732 τοῖς
355 1685 427 1733 ἔξω
456 1688 531 1725 τοῦ
549 1686 713 1736 στομίου
735 1685 897 1725 ἑστῶσιν
917 1685 1076 1726 ἐθέλειν.
1137 1685 1209 1723 De
1228 1686 1370 1737 priore
1391 1685 1520 1726 video

51 1754 212 1779 mecum
239 1740 395 1779 sentire
426 1753 622 1793 magnum
644 1739 687 1777 J:
703 1738 767 1779 Fr.
795 1738 1034 1779 Gronovium
1063 1740 1109 1777 in
1132 1739 1298 1795 Corrig.
1320 1752 1363 1780 et
1386 1743 1520 1782 Inser.

53 1795 106 1835 ad
119 1795 297 1835 observ.
317 1809 357 1848 p.
371 1800 465 1839 683.
485 1809 562 1848 pro
586 1796 735 1837 ἐθέλων
755 1808 856 1834 vero
878 1794 1104 1834 substituit
1120 1794 1280 1848 ἤθελεν·
1312 1797 1365 1836 ad
1385 1812 1520 1838 meam

52 1861 214 1906 partem
234 1865 477 1891 accessuros
495 1865 615 1903 spero
629 1852 845 1889 literarum
862 1850 1118 1890 Graecarum
1140 1851 1314 1904 peritos.
1335 1853 1518 1896 HEMST.

51 1907 174 1948 Mihi
195 1921 294 1947 vero
326 1906 560 1959 Participia
588 1910 720 1949 δοκῶν
752 1915 794 1945 et
816 1907 989 1956 ἐθέλων,
1026 1921 1135 1960 quae
1164 1910 1282 1945 nulla
1314 1909 1520 1949 librorum

12 1975 16 1977 ⁴
51 1963 292 2005 variatione
322 1972 516 2017 suspecta
546 1963 802 2011 redduntur,
837 1972 967 2016 atque
993 1962 1098 2002 adeo
1127 1962 1177 2001 ab
1210 1963 1520 2013 Hemsterhusio,

52 2022 228 2060 alterum
249 2020 465 2074 ejiciente,
501 2021 676 2057 alterum
703 2027 908 2067 mutante,
942 2018 1196 2057 immeritam
1218 2019 1421 2073 injuriam
1446 2035 1521 2072 pa-

51 2077 241 2125 tiuntur,
276 2076 437 2128 optime
467 2074 690 2114 cohaerere
710 2074 912 2114 videntur
945 2088 1040 2112 cum
1065 2074 1405 2128 interrogatione
1425 2077 1523 2115 lvle-

52 2131 203 2185 nippi,
236 2129 324 2181 οἷος
344 2125 396 2185 ἦν
419 2128 441 2173 ὁ
463 2129 704 2186 Σωκράτης;
735 2131 846 2168 Tum
872 2143 972 2168 vero
995 2130 1101 2168 illud
1120 2127 1269 2180 ἐδόκει,
1304 2132 1418 2185 quod
1443 2146 1524 2170 un-

54 2188 165 2227 cinis
186 2187 365 2238 inclusi,
401 2197 512 2227 recte
533 2201 610 2239 pro
640 2187 782 2225 alieno
808 2188 1004 2239 vulgatae
1024 2194 1262 2225 structurae
1279 2188 1522 2227 levamento

52 2242 282 2283 habebitur
306 2258 399 2283 cum
432 2243 651 2282 Abi-eschio
671 2242 815 2281 Lectt.
849 2241 1062 2281 Aristaen.
1084 2256 1128 2295 p.
1154 2246 1248 2285 228·
1310 2243 1383 2282 Sic
1401 2244 1525 2283 resti-

50 2308 148 2338 tuto
168 2302 264 2339 loco
289 2299 341 2338 ad
363 2298 698 2338 concinnitatem
723 2296 838 2335 nihil
859 2295 1134 2336 desideretur.
1195 2297 1410 2348 Matthiae,
1445 2299 1523 2353 qui.

53 2358 190 2398 δοκῶν
221 2369 315 2394 cum
340 2355 492 2395 Hemst.
516 2354 684 2403 omisit,
719 2352 791 2392 sed
815 2360 962 2391 contra
992 2352 1109 2391 hunc
1143 2354 1294 2395 ἐθέλων
1322 2356 1518 2406 retinuit,

54 2411 274 2464 explicans
296 2413 365 2453 καὶ
386 2425 460 2463 per
480 2413 610 2458 etiam,
629 2409 681 2448 ad
703 2408 960 2462 argutiorem
979 2417 1022 2447 et
1045 2407 1122 2447 vix
1142 2408 1406 2461 probabilem
1427 2425 1522 2451 sen—

51 2466 229 2506 tentiam
261 2467 485 2506 aberravit.
556 2467 703 2504 Multo
739 2463 959 2503 infelicior
989 2463 1076 2502 fuit
1114 2463 1404 2515 Schmiederus‚
1443 2467 1522 2520 qui

52 2522 167 2561 nihil
197 2533 386 2570 mutans,
417 2522 493 2561 ubi
521 2520 769 2560 mutandum
804 2519 913 2569 fuit,
947 2521 1159 2574 vulgatam
1186 2522 1414 2563 lectionem
1435 2521 1521 2565 ἐδό-

53 2593 117 2620 κει,
139 2600 192 2609 -—
216 2582 346 2621 δοκῶν
377 2603 428 2608 -
461 2579 610 2621 ἐθέλων
636 2575 830 2625 retinuit,
866 2585 1034 2613 mutans
1055 2589 1170 2626 vero,
1201 2576 1278 2615 ubi
1299 2576 1411 2616 nihil
1430 2593 1521 2616 mu-

54 2633 137 2672 tari
166 2633 335 2683 debuit,
387 2650 465 2689 pro
501 2635 660 2687 optima
690 2632 878 2671 lectione
907 2627 955 2672 οὗ
984 2628 1095 2672 πάνυ
1127 2633 1296 2674 δεδιέναι
1330 2647 1354 2671 e
1380 2633 1519 2673 tribus

55 2687 202 2739 codd„
236 2699 283 2728 ut
308 2691 400 2743 ipse
421 2692 479 2730 ait
510 2713 564 2721 —
595 2698 637 2728 at
657 2702 758 2727 vero
785 2701 870 2726 non
891 2687 976 2725 nisi
998 2685 1049 2727 de
1070 2701 1159 2728 uno
1178 2688 1314 2728 Belini
1333 2703 1398 2728 res
1416 2702 1519 2727 con-

58 2753 143 2785 stat
157 2768 212 2777 —
226 2749 463 2800 προςίεσθαι
483 2745 616 2792 dedit.
660 2745 913 2801 Hooglsfferm
934 2756 1034 2789 vero
1054 2758 1132 2799 per
1152 2758 1336 2786 errorem
1353 2758 1377 2785 e
1396 2758 1517 2800 προς-

1096 2800 1242 2857 qu
