1741 3085
194 159 293 210 568
539 177 1289 221 ADNOTATIONES

199 272 275 324 qui
307 276 570 313 volutantem
608 289 702 313 cum
743 291 878 318 uxore
923 279 1147 323 draconem
1185 285 1327 325 fuerat
1358 289 1645 343 conspicatae.

199 329 422 382 Olympias
463 343 562 368 vero
600 344 807 371 rumorem
845 334 1082 387 pudicitiae
1114 354 1214 380 suae
1250 344 1427 381 noxium
1461 356 1648 385 aversata

199 383 340 423 dicere
360 385 520 423 solebat
549 397 718 440 argute:
762 385 821 429 Οὔ
850 389 1044 436 παύσεταί
1073 412 1119 447 με
1148 396 1368 451 διαβάλλων
1393 394 1648 455 Ἀλέξανδρος

198 438 557 493 πρὸςτήν”Ηραν·
590 442 705 494 quod
722 442 958 486 dictum¹ut
991 450 1075 501 ipsi
1106 451 1162 490 sit
1195 453 1500 505 honorificum,
1545 458 1650 496 Ale-

198 494 349 532 xandri
379 506 492 534 certe
519 498 744 538 stultitiam
769 513 982 552 parentem
1002 506 1223 547 draconem
1246 525 1329 547 non
1357 509 1649 563 adspernantis

197 551 472 605 perstringit:
503 552 603 592 inde
626 555 940 611 Draconigenam
961 561 1147 612 adpellat
1181 565 1365 617 Apollin.
1399 566 1537 608 Sidon.
1569 569 1646 606 Pa-

197 620 295 659 neg.
321 606 515 649 Anthem.
539 623 579 649 v.
603 614 670 653 80.
698 616 787 655 121.
821 614 895 651 ubi
916 615 1012 654 vide
1042 617 1179 660 Savar.
1203 621 1342 660 Livius
1363 622 1535 674 quidem
1557 638 1646 662 non

199 662 418 700 continuit
458 678 524 712 se,
568 666 672 717 quin
725 668 923 708 scriberet
960 672 1127 722 XXVI,
1160 680 1224 719 19.
1266 677 1466 731 reiulitque
1478 679 1646 733 famam

199 716 376 768 (Scipio
400 719 655 768 Africanus)
687 725 729 761 in
760 724 1001 766 Alexandro
1030 729 1185 783 Magno
1214 736 1323 785 prius
1348 734 1576 787 vulgatam,
1610 746 1646 774 et

194 775 370 811 vanitate
388 774 581 828 etfabula
598 793 731 829 parem
746 811 755 828 ,
789 784 925 833 anguis
954 786 1135 824 immanis
1163 788 1370 827 concubitu
1397 801 1642 843 conceptum,

195 830 292 866 etin
317 828 496 868 cubiculo
519 834 655 870 matris
686 838 763 886 ejus
791 853 971 890 persaepe
996 843 1119 878 visam
1142 844 1316 897 prodigii
1345 849 1423 898 ejus
1458 849 1617 898 speciem
1629 876 1642 895 ,

194 885 480 937 interventuque
501 886 699 926 hominum
721 891 913 930 euolutam
931 907 1090 948 repente,
1110 909 1225 952 atque
1243 916 1296 939 ex
1319 901 1442 940 oculis
1456 901 1643 954 elapsam.

192 938 430 985 Equidem,
479 941 516 978 si
551 943 646 993 quis
675 958 740 983 me
773 958 915 1000 roget,
963 951 1065 1001 quid
1097 955 1293 1003 sentiam,
1342 960 1483 995 nullus
1517 958 1648 996 inter-

191 993 326 1043 cedo,
371 1008 456 1046 quo
491 997 631 1035 minus
662 1000 873 1054 anguinae
900 1004 1046 1057 stirpis
1075 1008 1241 1062 fulgore
1271 1011 1527 1050 nobilissimi
1560 1009 1650 1052 viri

193 1049 462 1100 superbiant:
495 1066 630 1106 neque
644 1063 782 1094 tamen
804 1061 1085 1111 conjectorem
1098 1064 1382 1104 acutissimum
1394 1068 1641 1119 perhibebo,

193 1105 270 1157 qui
292 1103 513 1157 divinarit,
539 1108 755 1160 quodnam
775 1126 907 1166 genus
929 1114 980 1153 ad
1003 1130 1146 1156 eorum
1175 1130 1323 1160 matres
1346 1122 1540 1161 draconis
1559 1127 1648 1176 pel-

191 1162 233 1199 Je
257 1169 414 1199 tectum
438 1162 480 1200 in
518 1163 714 1204 cubicula
742 1169 962 1223 lectosque
993 1174 1238 1216 ventitarit:
1279 1177 1392 1215 haud
1426 1177 1644 1219 difficilius

189 1214 418 1267 dracones,
454 1232 575 1271 quam
600 1221 702 1259 alias
723 1223 916 1263 Deorum
940 1227 1095 1267 formas
1118 1230 1336 1272 subeundo
1373 1234 1641 1277 simulabant.

191 1271 441 1324 Sequuntur
458 1273 583 1314 binae
601 1277 807 1318 lectiones
828 1280 932 1320 Cod.
954 1281 1034 1322 Ox.
1061 1299 1233 1337 quarum
1266 1289 1384 1340 prior
1406 1291 1645 1333 κλέπτεσθαι

189 1339 269 1379 pro
301 1329 539 1381 βλέπεσθαι,
579 1341 629 1369 ut
658 1333 771 1372 forte
802 1337 1070 1387 probatorem
1100 1342 1317 1391 inveniat,
1358 1345 1472 1384 haud
1502 1347 1644 1401 magni

188 1384 395 1420 momenti
414 1384 605 1426 videtur:
637 1390 828 1440 quamvis
852 1394 964 1431 enim
986 1395 1288 1449 interpreteris,
1321 1401 1471 1440 occulte
1497 1405 1644 1442 versari

188 1438 233 1475 in
251 1436 350 1476 lecto
369 1452 612 1493 conspectum
641 1444 810 1484 aliorum
838 1448 1198 1504 subterfugientem,
1230 1466 1399 1510 eratque
1428 1471 1527 1497 sane
1553 1457 1644 1497 dra-

185 1506 347 1531 conum
369 1495 577 1546 ejusmodi
599 1497 785 1538 furtivus
810 1516 1011 1554 accessus,
1045 1517 1085 1544 et
1105 1511 1324 1548 emissitiis
1348 1513 1520 1552 testium
1542 1528 1643 1553 ocu-

187 1548 245 1585 lis
279 1549 452 1589 minime
483 1549 639 1602 fidens,
669 1555 828 1608 quippe
865 1558 939 1609 qui
971 1572 1172 1613 repente,
1205 1574 1253 1602 ut
1279 1567 1419 1605 Livius
1449 1569 1532 1619 ait,
1564 1569 1640 1608 ho-

187 1603 352 1642 minum
373 1605 617 1645 interventu
641 1613 962 1661 evolverentur,
995 1630 1046 1655 ne
1071 1617 1131 1656 sic
1153 1620 1322 1672 quidem
1343 1623 1445 1660 satis
1469 1624 1551 1662 erit
1569 1638 1639 1663 ex..

185 1658 406 1711 peditum:
440 1661 557 1700 aliud
580 1664 878 1716 existimarem,
911 1669 947 1706 si
972 1673 1191 1724 praeberet
1211 1679 1436 1728 κυλίεσθαι,
1467 1679 1641 1720 verbum

187 1715 627 1770 opportunissimum,
667 1734 718 1759 ex
750 1724 870 1773 cujus
891 1731 1127 1778 corruptela
1153 1731 1293 1770 nescio
1329 1735 1546 1785 profecto,
1586 1750 1641 1775 an.

184 1778 288 1807 nata
313 1771 499 1822 fuerint,
530 1777 894 1827 supponentibus,
927 1781 1041 1833 quod
1062 1784 1244 1838 quisque
1264 1789 1396 1827 menti
1414 1790 1637 1843 scriptoris

187 1826 353 1877 optime
376 1841 608 1881 congruere
640 1832 839 1884 putabat,
873 1839 1205 1890 correctoribus,
1237 1843 1316 1881 ista
1343 1843 1428 1884 duo
1459 1847 1637 1887 minoris

184 1880 318 1932 pretii
339 1883 558 1935 βλέπεσθαι
579 1895 621 1924 et
651 1888 910 1931 κλέπτεσθαι’
952 1895 1080 1933 altera
1107 1896 1276 1948 quidem
1305 1902 1471 1954 egregie
1500 1905 1640 1955 placet

183 1935 287 1987 παρ’
310 1938 456 1980 ἑαυτοῦ
475 1954 516 1981 σε
545 1939 657 1984 εἶναι.
686 1944 806 1983 Dial.
828 1945 947 1988 XVI.
980 1948 1050 1991 δύο
1081 1951 1209 1994 ἔτεκεν
1240 1951 1268 2006 ἦ
1293 1952 1501 2010 Ἀλκμήνη
1536 1957 1640 2001 κατὰ

186 1989 233 2032 τὸ
256 1988 353 2035 αὖτό
369 1992 609 2049 Ἡρακλέας,
639 1995 709 2040 τὸν
727 1999 799 2051 μὲν
828 1999 904 2042 ὑπ’
929 1999 1232 2060 Ἀμφιτρύωνι,
1265 2009 1335 2052 τὸν
1363 2012 1403 2053 δὲ
1427 2010 1536 2068 παρὰ
1563 2019 1638 2058 τοῦ

185 2046 309 2096 Διός·
334 2049 402 2092 >sio
426 2054 571 2102 paullo
592 2054 713 2093 aliter
735 2057 847 2107 apud
871 2056 1027 2100 Cot-nui.
1048 2061 1100 2101 de
1123 2063 1223 2104 Nat.
1249 2067 1382 2106 Deor.
1415 2083 1449 2107 c.
1469 2075 1508 2113 2.
1549 2071 1636 2112 Ju-

183 2103 300 2156 piter
316 2105 484 2157 peperit
501 2106 570 2149 τὸν
595 2107 799 2153 Διόνυσον
822 2114 864 2154 ἐκ
881 2119 955 2156 τοῦ
977 2118 1083 2158 ἰδίου
1106 2126 1238 2173 μηροῦ
1258 2123 1527 2176 ἓπταμηναῖον
1556 2143 1631 2168 πα-

183 2156 239 2213 ρὰ
257 2165 327 2212 τῆς
347 2163 531 2214 Σεμέλης.
561 2165 739 2205 ΗΕΜΒΤ.
788 2166 934 2222 “Ortona
953 2176 1336 2224 praestantissimus
1360 2179 1545 2221 Gesnerus
1566 2196 1633 2221 ac·

186 2214 298 2267 cipit
317 2217 476 2266 similia,
510 2218 540 2259 i.
565 2234 600 2261 e.
625 2225 899 2264 consentientia
921 2238 955 2266 et
973 2233 1236 2271 conveni-entia
1258 2235 1420 2275 oraculo
1439 2236 1634 2278 Hammo-

184 2272 260 2308 nis.
319 2272 494 2312 Mallem
509 2305 520 2324 ,
552 2277 588 2314 si
606 2278 779 2316 1etineri
799 2279 948 2321 debeat
968 2281 1102 2336 ὅμοια,
1133 2287 1243 2342 παρὰ
1262 2294 1334 2342 τῆς
1348 2287 1629 2344 Ὀλυμπιάδος·

184 2336 281 2362 nam
302 2330 446 2378 paullo
468 2340 586 2382 post,
619 2328 732 2375 οὐθὲν
753 2331 860 2388 ’ὑγιὲς
878 2336 967 2379 οὔτε
985 2336 1012 2391 ἡ
1031 2341 1178 2394 μήτηρ,
1210 2342 1300 2387 οὔτε
1319 2348 1360 2387 οἵ
1374 2351 1453 2389 τῶν
1468 2346 1630 2403 Ἀμμω-

184 2382 285 2421 νίων
299 2389 507 2435 προφῆται
526 2388 675 2443 ἔλεγον.
733 2390 814 2429 Sed
835 2394 1014 2445 pristina
1037 2401 1278 2452 conjectura
1309 2400 1532 2456 displicere
1550 2405 1629 2442 mi-

184 2433 235 2472 hi
256 2437 444 2476 nondum
487 2451 642 2492 potest.
721 2446 855 2486 Usum
893 2450 1115 2490 verborum
1153 2455 1324 2495 volutari
1350 2468 1392 2497 et
1421 2461 1630 2502 κυλίεσθαι

186 2489 342 2530 eximie
363 2491 591 2536 declaravit
607 2500 790 2541 Pricaeus
815 2503 919 2547 Not.
949 2505 1000 2544 ad
1032 2509 1155 2561 Apul.
1175 2511 1317 2553 Miles.
1345 2513 1422 2554 IX.
1454 2528 1498 2567 p.
1527 2520 1625 2561 488.

187 2545 419 2586 commode
442 2564 542 2592 vero
565 2554 808 2598 Alexander
830 2569 873 2599 et
888 2561 1109 2617 Diogenes
1135 2566 1248 2619 apud
1274 2567 1434 2607 inferos
1466 2572 1626 2611 novitii

187 2604 516 2657 colloquuntur:
546 2610 715 2668 utrique
739 2614 849 2657 enim
878 2616 1025 2658 eodem
1055 2618 1150 2672 die,
1192 2621 1263 2662 hic
1291 2622 1512 2678 Corinthi,
1552 2628 1626 2668 ille
