1741 3085
204 204 302 251 638
559 213 1310 248 ADNOTATIONES

201 327 288 356 tur:
319 312 432 368 quod
453 313 626 368 proprie
647 311 834 366 pertinet
860 311 911 351 ad
932 310 1244 365 explanandum
1272 317 1447 383 περιστῇ.
1505 312 1645 354 Modo

203 372 250 411 in
275 370 452 424 Gregovii
473 369 664 409 Nazianz.
685 371 798 418 1000,
832 367 959 418 οὕτως
979 366 1177 411 ευάλωτόν
1196 371 1300 411 ἐστιν
1319 368 1349 423 ἦ
1365 373 1551 436 πονηρία,
1581 372 1647 412 καὶ

200 427 452 480 πανταχόθεν
475 428 595 482 ἑαυτῇ
611 442 657 466 πε
661 427 922 477 ριπίπτουσα,
952 425 1211 466 1eddiderat:
1243 428 1282 465 in
1300 438 1414 466 semet
1431 430 1557 480 ipsam
1578 428 1650 466 in·-

201 499 368 532 cur·‚1ens
391 486 479 536 ipsa
497 468 580 521 sibi
584 483 796 520 comraria.
827 481 904 519 Est
928 492 1065 521 autem
1087 484 1336 536 περιπίπτειν
1354 485 1495 537 ἕαυτεό,
1517 495 1645 536 quan·

203 539 258 578 do
284 540 378 592 quis
404 539 457 576 iis
479 538 734 590 argumentis
766 547 807 576 et
829 537 1158 590 probationibus
1177 539 1336 588 utitur,
1369 526 1555 603 quibus
1544 553 1588 576 m
1607 551 1650 577 se

202 594 419 635 conversis
450 594 575 633 facile
593 592 824 643 refutetur,
860 607 996 647 eoque
1018 603 1142 646 pacto
1174 594 1218 631 in
1238 604 1367 633 semet
1391 595 1480 646 ipse
1502 594 1652 632 incur-

200 664 296 691 rens
319 649 488 688 absurdi
512 649 811 689 convincatur:
844 649 925 688 hoc
948 664 1047 688 sane
1063 653 1153 701 ejus
1176 659 1255 696 est,
1288 649 1362 703 qui
1389 649 1563 689 adverso
1584 662 1649 688 ca-

200 710 291 762 pite
311 705 546 759 pugnantia
566 708 734 743 locutus
753 705 833 743 sibi
856 706 1129 752 contradicit;
1164 720 1245 759 qua
1267 706 1313 744 in
1333 719 1476 744 caussa
1499 705 1649 744 Chiro-

200 777 296 801 nem
320 762 475 801 versari
495 761 733 813 Menippus
760 759 1030 801 demonstrat.
1093 764 1297 815 Exempla
1322 761 1451 815 hujus
1478 760 1649 802 virtutis

198 822 322 872 plura
345 817 526 866 reperies
551 817 594 854 in
617 816 778 855 Budaeo
799 832 838 889 p.
860 820 956 861 533.
994 818 1176 857 HEMST.

315 873 416 913 Ead.
447 876 474 914 1.
500 877 538 914 9.
566 869 813 914 Ἐντεῦθεν’
796 890 836 921 ες
858 871 976 915 ἄλλον
995 877 1060 927 β.)
1092 874 1259 913 Subint.
1282 870 1416 926 δεησει
1433 872 1651 927 μεταβολην

195 932 337 982 ζητεῖν
371 930 546 967 Gunz'r.
606 928 706 966 Non
739 928 1017 983 intelligenda
1053 944 1143 968 cum
1166 929 1332 984 Guyeio,
1366 929 1439 968 sed
1457 929 1560 969 haec
1586 942 1649 968 or·

201 987 303 1025 dine
326 985 534 1024 continuo
549 982 898 1036 praecedentibus
919 986 1073 1038 absque
1095 985 1388 1024 distinctionis
1408 986 1532 1040 signo
1550 994 1650 1023 sunt

200 1040 484 1095 adjungenda.
545 1039 655 1078 Vide
681 1039 815 1078 Notas
842 1040 893 1078 ad
921 1042 1039 1079 Dial.
1062 1041 1203 1081 XVII.
1249 1041 1430 1080 Hnms‘r.

313 1096 414 1136 End.
438 1100 467 1135 l.
493 1101 559 1138 11.
580 1094 679 1136 “sOrc
666 1112 718 1148 ρ,
733 1094 854 1148 οἶμαι,
869 1098 936 1138 καὶ
956 1099 1073 1148 φασὶ)
1107 1095 1285 1136 Gaialffcr
1309 1096 1359 1134 ad
1381 1096 1444 1135 M.
1455 1096 1648 1136 Antonin.

197 1154 275 1196 IX
306 1154 341 1206 ξ,
373 1158 410 1196 6
443 1151 547 1190 haec
585 1151 789 1190 Lucianea
817 1153 997 1205 protulit
1031 1153 1191 1206 adjecta
1225 1151 1430 1191 Benedicti
1456 1151 1649 1192 versione

198 1221 401 1262 tanquam
428 1206 584 1274 proba·
617 1206 726 1246 Illud
756 1210 959 1260 nimitmum
990 1221 1031 1248 ut
1058 1226 1144 1249 cum
1175 1210 1227 1247 sis
1249 1209 1420 1261 sapiens,
1451 1207 1648 1263 quemad·-

197 1266 357 1307 modum
376 1267 537 1318 opinor,
571 1274 606 1302 et
629 1262 745 1315 vulgo
769 1264 1023 1317 praedicant,
1050 1265 1315 1319 praesentibus
1342 1263 1452 1303 rebus
1472 1267 1522 1303 sit
1547 1278 1650 1304 con-

197 1333 333 1362 tentus.
403 1321 583 1359 Secutus
610 1295 749 1357 faeiat
773 1321 958 1373 primes;
1005 1336 1110 1376 quos
1141 1332 1300 1368 tamen,
1343 1319 1441 1372 quia
1472 1320 1649 1358 formam

199 1377 408 1417 orationis
429 1376 614 1414 Graecae
633 1375 772 1414 minus
792 1375 1084 1425 adtenderant,
1105 1391 1126 1414 a
1151 1375 1373 1429 scriptoris
1392 1377 1517 1416 nostri
1537 1389 1649 1415 men-

195 1443 240 1473 te
262 1433 467 1471 deerrasse
488 1440 614 1482 puto,
648 1429 745 1467 dum
765 1431 815 1470 ad
837 1432 1071 1472 Chironem
1100 1433 1315 1482 referunt,
1348 1445 1454 1485 quae
1476 1440 1649 1470 senten·

196 1489 282 1528 tiae
301 1486 576 1539 pioverbialis
601 1499 715 1524 more
735 1489 905 1526 fuerant
927 1487 1152 1527 efferenda.
1211 1464 1335 1526 Nihil
1359 1497 1422 1526 est
1444 1486 1555 1540 apud
1580 1501 1649 1527 ve-

196 1553 307 1584 teres
333 1544 415 1581 isto
448 1542 613 1580 monito
638 1540 689 1579 ad
711 1543 1021 1582 conciliandam
1051 1542 1181 1581 animi
1212 1542 1559 1609 tranquillitatem
1577 1541 1648 1581 ad·

196 1598 584 1640 commodatissimo
606 1597 881 1648 familiarius,
914 1595 1092 1666 oiyang'iv3
1118 1600 1290 1652 στέργειν
1310 1601 1371 1640 δεῖ
1384 1595 1431 1638 τὰ
1451 1597 1645 1652 παρόντα

194 1671 240 1699 ευ
263 1658 449 1696 τίθεσθαι
475 1651 522 1694 τὰ
544 1652 745 1705 παρόντα·
778 1651 1037 1706 αρέσκεσθαι,
1070 1652 1163 1707 done
1167 1659 1317 1706 σθῆναι
1347 1659 1431 1702 τοῖς
1460 1658 1646 1708 παροῦσι,

194 1716 246 1766 τῇ
263 1709 445 1765 παρούσῃ
469 1722 715 1751 καταστασει·
749 1711 810 1748 sic
831 1720 879 1750 ut
899 1711 1139 1763 paroemiae
1160 1709 1396 1749 communis
1416 1709 1644 1763 imaginem

195 1768 440 1820 saepissime
472 1775 611 1818 gerat·
643 1764 742 1805 vide
762 1767 825 1806 M.
851 1767 1048 1807 Antonin.
1068 1766 1124 1816 X,
1150 1771 1188 1809 1.
1234 1764 1302 1804 Ad
1323 1765 1438 1804 illam
1457 1779 1644 1805 normam

192 1824 434 1864 versionem
452 1821 591 1874 exegi
643 1822 823 1863 HEMST.

306 1878 411 1918 Ibid.
451 1875 659 1927 Συνετόν)
699 1878 910 1917 Eximiam
944 1877 1055 1918 hanc
1081 1876 1333 1918 sententiam
1367 1876 1507 1916 minus
1546 1887 1643 1932 apte

190 1935 406 1987 Menippo
430 1947 506 1971 suo
529 1933 682 1971 tribuit
703 1934 920 1983 Luc-ianus,
952 1944 1102 1987 utpote
1124 1934 1196 1989 qui
1219 1933 1332 1972 sibi
1321 1948 1426 1987 ipse,
1450 1943 1499 1972 ut
1519 1947 1641 1988 supra

191 1991 329 2030 visum
354 2000 415 2029 est
441 1989 557 2027 Dial.
583 1989 701 2029 XXI.
725 2001 901 2028 mortem
924 1990 1193 2030 consciverit.
1226 1990 1393 2029 SOLAN.
1452 1989 1552 2028 Non
1574 2004 1642 2029 co·

193 2046 350 2098 gitavit
370 2045 533 2084 scilicet
553 2044 737 2094 solanus,
770 2045 947 2084 aliorum
973 2044 1215 2084 irrisoribus
1233 2044 1346 2083 haud
1362 2059 1456 2084 raro
1477 2044 1642 2085 accide-

191 2117 260 2151 re,
303 2112 350 2140 ut
380 2100 463 2139 sibi
496 2099 827 2140 contradicendo
856 2111 985 2141 artem
1014 2115 1131 2140 suam
1161 2101 1245 2153 ipsi
1275 2100 1382 2139 risui
1411 2110 1639 2154 exponant.

191 2158 271 2196 Est
289 2157 391 2196 haec
419 2155 692 2209 philosophia
723 2157 895 2207 canina,
928 2171 1051 2210 quam
1073 2157 1288 2207 professus
1320 2165 1384 2196 est
1402 2157 1640 2211 Menippus

190 2212 448 2252 Lucianeus.
507 2211 607 2252 Vid.
634 2211 760 2251 modo
777 2212 895 2253 Dial.
915 2213 1034 2252 XXI.
1065 2213 1224 2251 Lnnm.

306 2269 404 2321 Pag-
429 2265 851 2334 236.1.12.’Ἀπιμεν
873 2264 976 2311 εὖθῦ
993 2273 1062 2321 τῆς
1079 2265 1291 2319 καθόδου)
1319 2269 1438 2308 Haec
1459 2271 1639 2337 jungen-

192 2324 266 2374 da,
294 2338 381 2362 non
403 2320 738 2393 περιπατήσοντες
768 2322 870 2366 εὗθυ
890 2329 962 2378 τῆς
977 2321 1172 2366 καθοδου.
1232 2325 1428 2376 Προϊέναι
1449 2321 1551 2366 edei)
1567 2329 1640 2378 τῆς

196 2383 396 2434 Φρυγίας,
428 2384 539 2420 πλεῖν
565 2376 667 2421 εὐθύ
695 2384 766 2432 τῆς
790 2377 1000 2431 Ἑλλάδος,
1030 2382 1175 2422 τείνειν
1202 2377 1304 2422 εὗθυ
1333 2384 1576 2448 Βαβυλωνος
1593 2390 1638 2420 et

187 2440 310 2489 plura
330 2435 472 2474 Noster
487 2435 750 2477 habet.1ta
770 2449 870 2475 vero
891 2436 1083 2475 scribunt
1099 2435 1250 2486 Attici,
1283 2450 1370 2475 non
1390 2431 1454 2478 ἐπ’
1475 2433 1636 2485 εὐθείας

185 2495 257 2531 vel
288 2488 429 2541 εὐθυς,
462 2490 599 2544 quod,
630 2501 829 2530 monente
856 2491 1076 2547 Phrynicho
1103 2505 1145 2543 p.
1176 2495 1243 2535 24.
1273 2492 1405 2530 solius
1430 2492 1632 2544 temporis

186 2545 517 2609 significatione
537 2546 717 2599 gaudet:
747 2561 983 2601 quanquam
1014 2546 1225 2600 posterius
1253 2560 1331 2599 pro
1362 2550 1492 2586 altero
1523 2561 1631 2586 non·

185 2616 409 2666 nunquam
437 2601 595 2640 vitiose
626 2602 813 2669 positum
833 2603 1077 2672 reperiatur
1135 2603 1203 2640 Ex
1228 2600 1475 2641 membranis
1494 2616 1633 2642 emen-

186 2657 409 2698 flavimus
398 2671 442 2696 111
455 2656 560 2696 Poll·
573 2657 648 2706 ῙΧ,
663 2662 725 2700 12.
746 2654 846 2700 εὖθυ
864 2663 941 2700 τῶν
958 2655 1091 2713 ἇγρων
1108 2655 1315 2699 ἀπελθεῖν·
1345 2657 1473 2696 sicuti
1489 2658 1624 2712 Segm.

183 2718 249 2759 47.
273 2712 376 2759 ενθῦ
393 2717 472 2758 τῶν
490 2709 721 2769 ἀρωμάτων,
752 2725 856 2757 vesta
872 2716 914 2757 in
925 2714 1072 2773 forum
1094 2714 1396 2756 aromatarium:
1426 2727 1549 2770 quam
1570 2713 1627 2757 ob
