1741 3085
221 199 321 244 640
535 204 1283 237 ADNOTATIONES

223 307 345 346 facit.
388 303 568 343 Pulchre
589 302 791 355 Eunapius
810 311 852 340 et
873 299 1190 370 significatione
1211 302 1534 357 metaphorica
1521 319 1567 344 m
1590 305 1680 344 Pri-

224 377 296 402 sco
316 359 417 413 πρὸς
437 360 510 411 τὴν
524 359 695 412 δύναμιν
714 362 783 410 τῆς
803 354 993 410 ἀληθείας
1011 355 1266 412 ἀντιβαίνειν
1299 359 1343 398 in
1359 360 1678 429 Chrysanthio:

223 426 305 466 τοῖς
325 436 420 468 ‹mv-2
412 424 518 458 'relat
539 419 719 468 σημείοις
740 431 850 467 παρα
871 418 949 455 τῶν
967 419 1077 455 θεῶν
1097 413 1353 470 ἀντιβαίνων
1418 413 1551 459 Ουδὲν
1574 419 1678 469 δέον,

226 475 359 515 inutili
379 473 525 521 labore,
557 484 592 511 ct
609 489 717 526 quem
733 473 831 539 fieri
851 486 926 510 non
946 471 1159 524 oportebat.
1217 473 1398 539 λεηορῖι.
1422 473 1581 526 Cyrop.
1601 474 1677 517 IV,

226 546 266 584 p.
290 536 357 574 66.
381 527 401 571 ὁ
422 525 460 570 δ’
485 531 531 581 ἐμ
535 528 578 576 ὸς
598 534 691 576 παῖς
710 525 857 581 βαλών,
892 524 1008 568 οὐδὲν
1032 529 1138 575 δέον,
1170 526 1320 582 καταέβι
1324 535 1403 570 λλει
1419 527 1532 582 πτήν’
1517 527 1681 579 α’ρκτον·

227 604 331 626 meus
348 597 475 624 autem
499 585 633 638 filius,
666 583 771 638 (ΙιιοιΖ
801 583 987 639 infectum
1014 586 1288 636 praestitisset,
1320 601 1386 638 3αὸ
1387 589 1465 624 itta
1491 588 1682 637 immissa,

227 659 359 682 ursam
379 643 558 695 conficit·
588 641 648 679 sic
682 641 791 678 enim
815 641 1023 678 concinna
1058 641 1330 693 simplicitate
1364 641 1441 680 hac
1465 642 1687 681 locutione

226 709 410 737 utuntur
431 689 593 738 Graeci
626 698 685 734 ita
707 697 797 737 δέον
818 696 861 732 in
884 696 1079 748 sequenti
1096 697 1208 738 Dial.
1230 701 1304 746 0
1279 702 1318 736 0.
1341 707 1383 736 et
1403 698 1567 750 Catapl.
1594 712 1628 736 c.
1647 703 1687 741 1.

227 751 249 796 ὅ
284 751 322 796 δ’
348 751 508 824 Ερμῆς
532 750 755 820 βραὸύνει,
785 751 905 793 πάλαι
937 759 1121 804 παρεῖναι
1158 755 1268 794 δέον·
1311 756 1542 806 Paulloque
1569 763 1685 806 post:

228 812 312 853 ἔπει
338 806 428 851 οὐδ’
451 808 597 861 ἡμεῖς
586 825 681 851 ποτε
705 805 826 850 αυτὸν
843 806 1001 848 ἆπιὲιαι
1018 810 1110 850 ὁὲον
1128 806 1432 861 κατεσχήκαμεν·
1463 811 1564 847 talia
1587 819 1689 848 sunt

229 868 275 904 in
295 866 478 905 Luciano
503 868 658 914 multa,
691 879 826 919 neque
850 863 902 902 ad
928 863 1038 903 hanc
1065 865 1291 903 formulam
1314 868 1506 919 exempla
1528 879 1688 920 conge-

229 936 318 961 rere
340 922 526 961 institui.
562 922 740 960 Hssmsa:
768 921 802 963 l,
1251 916 1269 949 Χ

342 977 443 1031 Pag.
465 982 560 1020 237.
585 979 611 1019 l.
635 982 672 1021 6.
700 975 1028 1032 Ἰσμηνόδωρος)
1060 975 1288 1016 Thebanus
1319 976 1488 1025 Crates;
1521 991 1622 1032 ergo
1645 985 1688 1017 et

229 1033 301 1073 hic
320 1033 636 1073 Ismenodorus.
675 1033 845 1072 SOLAN.

343 1089 448 1128 Εαιῖ.
475 1093 503 1128 l.
529 1094 565 1133 7.
595 1087 828 1142 Ἀρσάκης)
859 1089 979 1128 Ficta
997 1104 1049 1128 an
1073 1103 1168 1129 vera
1192 1089 1296 1127 haec
1317 1088 1405 1127 sint
1422 1088 1580 1130 nescio.
1613 1089 1690 1129 So-

233 1161 335 1187 LAN.
397 1145 628 1185 Nominum
657 1146 783 1198 hujus
816 1143 976 1199 dialogi
1009 1146 1278 1198 propriorum
1299 1158 1399 1182 usus
1423 1144 1533 1197 apud
1562 1146 1691 1184 Grae-

231 1217 305 1242 cos
328 1216 412 1240 non
444 1201 716 1254 infrequens:
750 1214 888 1253 neque
917 1212 1055 1240 tamen
1082 1211 1218 1240 certos
1239 1200 1456 1246 homines,
1490 1214 1693 1253 verasque

231 1273 297 1297 res
329 1268 465 1311 gestas
499 1272 520 1296 a
541 1258 724 1296 Luciano
752 1257 946 1295 denotari
976 1271 1141 1296 censeo.
1203 1257 1248 1295 Si
1276 1255 1378 1310 quid
1407 1256 1580 1296 aliunde
1608 1255 1693 1295 du-

233 1312 419 1363 ctun1‚id
436 1328 558 1352 omne
577 1327 725 1352 scenae
748 1327 883 1352 novae
907 1313 1080 1352 comicis
1101 1311 1349 1351 crediderim
1373 1311 1538 1360 deberi3
1572 1316 1692 1366 cujus

234 1370 536 1409 documentum
557 1368 732 1422 aliquod
757 1371 900 1420 paullo
933 1379 1030 1421 post
1049 1368 1277 1408 adferatur.
1336 1369 1407 1407 De
1429 1369 1584 1409 Arsace
1602 1384 1690 1408 mo-

234 1426 324 1465 veri
356 1435 521 1477 poterat
564 1423 797 1462 dubitatio:
847 1425 1039 1477 quamvis
1073 1425 1186 1463 enim
1217 1423 1476 1462 fortissimus
1503 1425 1693 1464 Parthici

234 1481 354 1534 regni
377 1480 574 1518 conditor
596 1494 617 1517 a
642 1479 797 1518 Justino
830 1490 990 1518 matura
1016 1489 1255 1527 senectute,
1290 1479 1341 1518 ab
1363 1481 1583 1520 Ammiano
1603 1485 1693 1533 pla·

235 1538 329 1575 cida
350 1546 483 1575 morte
503 1535 729 1574 decessisse
750 1546 954 1586 narretur,
975 1534 1181 1590 Syncellus
1205 1545 1360 1583 tamen,
1383 1545 1431 1574 ut
1454 1536 1506 1574 ab
1520 1537 1579 1576 1-1'.
1599 1537 1692 1576 Va·-

232 1592 326 1631 Icsio
352 1592 619 1630 observatum
646 1589 694 1628 ad
720 1589 949 1630 Marcellin.
970 1591 1140 1630 XXIII.
1164 1605 1198 1629 c.
1221 1595 1259 1633 6.
1284 1589 1474 1630 diversos
1497 1602 1690 1631 auctores

231 1660 401 1686 secutus
425 1647 612 1685 occisum
635 1660 724 1685 esse
743 1645 942 1685 tradidit:
974 1661 1108 1700 genus
1129 1656 1269 1684 autem
1288 1648 1436 1684 mortis
1460 1647 1519 1685 ita
1539 1646 1691 1686 deseri-

231 1705 319 1756 psit
343 1703 501 1752 suidas,
538 1713 584 1740 ut
605 1717 627 1741 a
650 1702 889 1740 narratione
909 1702 1085 1741 Luciam*
1104 1716 1189 1740 non
1210 1703 1388 1739 multum
1410 1702 1525 1741 abire
1549 1702 1692 1742 videa-

232 1769 322 1798 tu1:
361 1758 553 1811 Ἀρσάκης
578 1757 758 1813 Πάρθων
786 1757 993 1810 βασιλευς,
1026 1775 1072 1806 ος
1090 1757 1228 1811 δόρατι
1255 1759 1420 1812 πληγεὶς
1449 1760 1491 1800 ἔν
1511 1764 1561 1815 τῇ
1585 1757 1691 1817 μάχη

230 1833 332 1856 κατα
361 1815 434 1868 τὴν
460 1813 637 1867 πλευραν
672 1811 944 1865 αποθνησκει·
976 1828 1083 1868 quae
1112 1812 1284 1867 quidem
1309 1801 1596 1868 undecunque
1619 1803 1690 1855 de-

230 1881 416 1923 promta,
452 1870 578 1910 Suida
605 1873 752 1909 saltem
786 1869 950 1923 judice,
983 1869 1036 1908 ad
1068 1870 1249 1922 primum
1272 1870 1454 1909 Arsacen
1480 1880 1686 1923 spectare,

231 1942 287 1966 ex
318 1928 594 1978 sequentibus
629 1935 693 1965 est
719 1926 1004 1967 manifestum.
1066 1927 1222 1965 Verum
1252 1939 1356 1979 ego,
1389 1928 1467 1979 qui
1494 1927 1690 1979 potuerit

231 1983 434 2035 adpellari
443 1985 626 2050 Μηδίας
655 1979 833 2050 ὕπαρχος
855 1981 928 2020 hic
948 1983 1145 2031 Arsaces,
1178 1995 1265 2020 non
1287 1981 1438 2021 video:
1470 1992 1685 2034 praeterea

229 2044 300 2090 τῆς
322 2041 385 2080 ἐπὶ
405 2043 460 2095 τῷ
472 2034 615 2094 Ἀράξῃ
636 2036 739 2092 πρὸς
753 2035 822 2079 τὸν
841 2036 1122 2090 Καππαδόκην
1142 2041 1344 2091 συμβολῆς
1370 2037 1467 2091 quis
1491 2038 1601 2077 alius
1622 2042 1682 2077 ul-

228 2098 310 2133 lam
333 2082 441 2134 fecit
454 2093 749 2133 mentionem?
782 2093 922 2147 Quare
943 2093 1207 2148 probabilius
1224 2093 1438 2143 existimo,
1475 2093 1573 2133 dum
1599 2109 1686 2134 cer·

229 2151 338 2189 tiora
371 2160 641 2202 promantur,
684 2149 787 2188 haec
825 2163 915 2190 esse
945 2165 967 2188 a
1001 2150 1207 2198 Luciano,
1251 2148 1490 2187 fabularum
1519 2150 1684 2191 artifice

228 2219 426 2260 perquam
447 2206 626 2257 idoneo,
657 2208 723 2246 vel
743 2205 923 2245 conficta
938 2236 950 2256 ‚
979 2209 1049 2246 vel
1069 2220 1122 2244 ex
1143 2204 1362 2245 comoedia
1383 2219 1495 2246 nova
1519 2204 1684 2246 deriva-

228 2270 283 2303 ta.
323 2263 504 2301 HEMST.

339 2318 441 2357 Ead.
469 2322 496 2358 l.
521 2323 558 2362 9.
602 2316 870 2374 Κιθαιρῶνα)
911 2319 982 2357 De
1012 2316 1272 2356 Cithaerone
1304 2331 1441 2371 pauca
1471 2317 1600 2372 tetigi
1628 2317 1683 2357 ad

227 2373 360 2411 Diall.
382 2375 512 2413 Nlerr.
536 2375 659 2415 VIII.
687 2380 724 2424 0.
752 2382 790 2418 1.
851 2374 935 2413 Hic
962 2383 1100 2413 autem
1134 2373 1455 2413 Eleutherarum
1478 2373 1596 2413 urbis
1617 2375 1683 2412 si·-

228 2437 315 2466 tum
347 2429 543 2470 adcurate
567 2430 739 2470 definit:
773 2445 868 2468 nam
890 2429 1048 2468 Thebis
1079 2443 1154 2481 per
1171 2429 1360 2468 Plataeas
1389 2430 1472 2468 iter
1497 2429 1678 2468 facienti

226 2483 273 2521 in
307 2485 521 2536 regionem
544 2487 726 2525 Atticam
758 2486 1019 2538 superandus
1049 2493 1137 2524 erat
1159 2485 1417 2533 Cithaeron,
1450 2498 1532 2538 qua
1559 2494 1681 2537 parte

229 2539 451 2577 demissior
473 2539 669 2595 flexuque
691 2543 779 2581 leni
802 2542 1064 2593 interruptus
1095 2540 1203 2578 viam
1223 2540 1458 2593 planiorem
1484 2539 1678 2580 ostende·

226 2595 311 2636 bat.
380 2594 584 2637 Herodoto
618 2608 827 2637 vocantur
856 2601 900 2640 αἱ
932 2597 1088 2651 ἐκβολαὶ
1114 2599 1159 2638 αἱ
1182 2597 1500 2651 Κιθαιρωνίδες,
1543 2598 1589 2639 αἱ
1613 2597 1678 2639 ἔπι

229 2653 458 2693 Πλαταιέων
479 2654 738 2707 φέρουσι,το“ις
748 2654 916 2696 Βοιωτοὶ
930 2653 1001 2706 μὲν
1020 2659 1122 2707 τρεῖς
1141 2652 1318 2705 κεφαλας
1340 2653 1537 2705 καλέουσι,
1556 2650 1680 2705 Ἀθη-

226 2715 336 2752 ναῖοι
354 2709 395 2752 ὁὲ
417 2708 554 2765 Δρυὸς
570 2710 747 2765 κεφαλὰς
762 2711 838 2752 IX.
860 2725 895 2752 c.
911 2714 982 2755 27.
1037 2708 1167 2763 Apud
1191 2707 1414 2762 Thucydid.
1439 2710 1518 2752 111.
1544 2722 1581 2751 c
1603 2712 1672 2777 24.
