1741 3085
211 167 310 217 456
561 181 1312 215 ΑιιΝοτΑι-ιοιιιιε

213 295 256 336 p.
277 284 348 323 43
367 278 465 328 ubi,
486 277 848 332 quemadmodum
866 294 992 349 supra
1011 278 1217 335 φοιτώσης
1237 278 1426 336 ὁσημέραι
1452 279 1575 349 παρά
1591 295 1658 339 σε,

215 336 438 384 similiter,
471 335 539 375 καὶ
557 340 728 387 συνεχῶς
758 337 819 378 ἐπὶ
840 335 888 378 τὰ
921 333 1065 380 τούτου
1091 340 1236 391 ῥεῖθρα
1264 343 1465 390 φοιτῶσα,
1505 336 1664 388 τούτοις
1701 368 1707 373 -

220 389 474 444 ἀπωδύρετο·
521 391 636 445 quod
667 392 886 443 ultimum,
931 393 1010 432 etsi
1028 393 1246 457 sagaciter
1279 395 1532 448 cogitaverit
1560 396 1664 435 Tan.

222 449 369 495 Faber,
402 461 494 485 cum
515 461 566 486 eo
588 461 676 486 non
700 449 972 489 tentandum.
1004 449 1064 488 sic
1095 461 1137 489 et
1167 464 1208 504 p.
1241 456 1309 494 27.
1344 449 1394 489 de
1424 450 1667 503 Iphimedia

220 503 452 557 Neptuui'
441 504 577 554 ipsius
592 518 731 544 amore
753 515 897 559 capta,
928 507 995 547 καὶ
1025 511 1194 576 συνεχῶς
1215 511 1395 559 φοιτῶσα
1416 508 1480 550 ἐπὶ
1496 525 1571 560 την
1586 505 1666 549 θά-

221 565 385 603 λασσαν.
442 560 576 598 Poeta
607 559 789 613 dixerat,
829 565 910 604 Καί
934 561 974 615 ῥ’
999 559 1063 604 ἐπ’
1088 558 1292 615 Ἐνιπῆος
1318 565 1538 605 πωλέσκετο
1566 562 1670 604 καλοῖ

221 617 394 686 ῥέεθρα·
428 616 513 654 vim
535 616 654 656 verbi
677 617 897 657 Homerici
927 619 1199 671 explanatius
1222 619 1419 659 dilatavit
1449 618 1668 671 Lucanus,

221 689 334 727 παρα
352 670 421 721 τὰς
441 670 567 725 ὄχθας
585 668 788 725 amoma,
817 677 885 717 καὶ
905 676 1222 729 ἐπεμβαίνουσα,
1253 677 1321 717 καὶ
1346 680 1458 727 2.ῐόυο
1457 693 1494 714 ι
1478 676 1545 728 ἕνη
1571 678 1673 719 ἐνίο-

221 741 286 771 τε·
316 743 413 766 ιι3ιιι
432 731 585 767 vocula
614 740 844 794 postrema,
889 744 1013 784 quam
1040 746 1170 783 prava
1204 742 1370 771 cuncta!
1372 746 1448 770 ιιιιι
1480 731 1572 775 edd.
1604 732 1674 771 di-

223 784 457 823 stinctione
480 783 647 838 decepti
669 787 918 851 interpretes
935 787 986 826 ad
1013 786 1140 842 εὔχετο
1169 791 1425 834 retulerunt,
1457 802 1550 826 cum
1572 803 1673 828 ver-

224 840 282 880 bo
304 841 500 893 λουομένη
523 841 614 880 sine
636 843 923 882 controversia
948 844 1145 884 connecti
1169 843 1315 884 debet:
1348 843 1492 883 voluit
1509 844 1673 884 Lucina

226 913 322 945 nus,
356 899 471 947 Tyro
497 895 548 933 ad
571 898 683 949 ripas
702 907 939 938 exsternata
960 910 1097 939 mente
1118 900 1342 950 oberrasse,
1375 899 1461 938 imo
1487 911 1674 952 praeter·-

227 966 276 992 ea
294 951 504 991 fluvium
491 965 720 1005 ingressam
742 954 899 1002 fuisse·
933 955 1038 1008 quin
1058 957 1183 995 etiam
1210 954 1468 1009 aliquando,
1516 957 1670 1008 positis

224 1009 443 1057 vestibus,
475 1021 518 1047 se
534 1009 700 1050 lavisse.
738 1012 1015 1075 Torpentem
1041 1012 1262 1064 profecto,
1294 1021 1336 1050 et
1366 1014 1526 1050 lentum
1562 1026 1674 1051 ama·

225 1073 361 1105 torem
392 1063 632 1117 Enipeum,
675 1065 750 1117 qui
788 1067 1050 1105 occasionem
1078 1077 1260 1116 tantam,
1293 1076 1462 1120 tamque
1485 1076 1674 1120 optatam

226 1119 436 1159 amiserit!
468 1134 554 1158 non
573 1120 633 1159 ita
656 1121 909 1175 Neptunus,
943 1123 1080 1161 acrior
1102 1123 1146 1161 in
1169 1122 1320 1173 bellas,
1355 1137 1455 1173 nec,
1488 1123 1563 1175 qui
1577 1123 1675 1163 Sca·

224 1175 446 1214 mandrum
487 1176 733 1226 simulabat,
778 1178 932 1218 Cimon
970 1177 1083 1233 apud
1106 1179 1342 1218 Aeschinem
1373 1180 1457 1229 Ep.
1486 1179 1539 1220 X.
1570 1178 1672 1219 Vid-

222 1231 396 1274 ciristicl.
418 1231 567 1270 Isthm.
599 1247 639 1285 p.
662 1237 730 1276 47.
770 1234 954 1274 HEMST.
1009 1234 1149 1275 Modo
1180 1233 1322 1288 ηὔχετο
1349 1235 1503 1288 scripsi
1529 1244 1680 1274 contra

222 1288 415 1327 omnium
436 1287 642 1327 librorum
667 1290 975 1330 auctoritatem.
1034 1290 1103 1329 An
1135 1301 1260 1345 putes
1289 1289 1468 1330 eundem
1486 1291 1677 1342 scripto·

220 1358 310 1383 aem
344 1343 416 1382 hic
448 1342 630 1384 edidisse
664 1343 820 1399 εὔχετο,
853 1346 958 1385 alibi
976 1343 1140 1401 ηὕχετο;
1170 1347 1339 1400 Atqui
1327 1347 1521 1386 invenias
1550 1344 1679 1400 ηὔχου

223 1408 268 1439 et
282 1396 464 1453 ηὐχόμην
485 1398 650 1453 Catapl
675 1416 708 1442 c.
733 1407 797 1445 10.
816 1411 858 1441 et
875 1400 1188 1456 ηὗχόμεθανθι.
1220 1403 1335 1443 Hist.
1358 1403 1417 1453 II,
1441 1407 1509 1446 41.
1530 1417 1680 1442 secun.

226 1455 328 1494 dum
350 1464 613 1495 constantem
632 1457 838 1496 librorum
856 1460 1118 1511 scripturam.
1147 1460 1370 1498 Praeterea
1396 1457 1684 1498 consentiunt

224 1510 327 1550 libri
348 1520 390 1550 et
413 1510 563 1563 scripti
582 1521 624 1550 et
643 1512 837 1565 impressi
858 1513 903 1551 in
923 1513 1129 1566 ηὐδοκίμει
1159 1514 1248 1554 Vit.
1272 1514 1397 1553 Auct.
1421 1528 1510 1567 cap.
1534 1519 1599 1557 12.

223 1565 452 1620 ηυκαίρουν
469 1567 611 1609 Amor.
634 1581 670 1608 c.
699 1574 765 1612 33.
793 1568 869 1607 ubi
900 1584 1011 1608 unus
1042 1569 1177 1609 codex
1206 1570 1253 1609 P.
1278 1565 1505 1623 ευκαίοουν.
1557 1567 1680 1622 Quid

223 1622 359 1677 igitur
380 1623 512 1661 facias
533 1623 680 1662 formis
702 1624 887 1678 vulgatis
904 1626 989 1664 illis
1015 1624 1258 1677 εὐδοκίμουν
1278 1639 1354 1677 pro
1378 1626 1539 1679 Imagg.
1561 1638 1598 1665 c.
1614 1628 1680 1667 19.

221 1680 345 1719 Alex.
371 1692 406 1718 c·
427 1684 495 1722 22.
523 1673 823 1732 ευδοκιμηκὲναι
841 1679 891 1719 de
910 1682 1048 1722 Paras.
1071 1695 1107 1721 c.
1130 1686 1199 1723 32.
1213 1679 1234 1719 ἶ)
1292 1680 1557 1719 Retinendas
1576 1693 1682 1719 cen-

223 1735 316 1774 suit
345 1734 544 1785 Εεὶτεὶιιε,
575 1735 846 1803 corrigendas
869 1735 1055 1776 Salanus.
1122 1736 1253 1776 racio
1289 1750 1382 1774 cum
1418 1735 1594 1785 Solane,
1636 1744 1681 1775 et

222 1790 394 1844 corrigo
413 1804 513 1829 mox
534 1787 790 1844 ηὐφραίνου,
822 1792 903 1830 etsi
933 1793 978 1830 in
1011 1791 1206 1832 omnibus
1231 1792 1538 1844 exemplaribus
1574 1791 1680 1831 meis

222 1846 272 1884 in
299 1845 524 1899 εὐφοαίνου
554 1847 703 1890 incidi
773 1848 947 1888 Scilicet
985 1857 1033 1887 ut
1058 1847 1286 1887 concedam
1314 1847 1562 1900 scriptorem
1592 1861 1681 1886 no-

222 1910 356 1946 strum
379 1902 423 1939 in
448 1901 743 1941 Grammaticis
767 1917 854 1942 non
877 1904 1014 1942 fuisse
1032 1912 1196 1942 austera
1225 1906 1295 1942 vel
1327 1901 1580 1957 diligentia,
1609 1904 1681 1942 vel

221 1957 464 1997 constantia
484 1988 495 2006 ‚
528 1958 774 2009 praesertim
793 1958 870 1996 ubi
894 1959 1128 2012 elegantior
1149 1973 1295 1997 sensus
1315 1967 1358 1997 et
1393 1959 1520 1998 altior
1552 1957 1678 2010 spiri-

222 2019 292 2051 tus
313 2027 406 2052 cum
427 2027 570 2051 severa
591 2015 683 2067 lege
694 2013 975 2052 Grammatica
992 2027 1181 2067 pugnare
1194 2013 1463 2053 viderentur:
1494 2013 1605 2053 hanc
1616 2023 1679 2052 ta-

222 2083 319 2108 men
343 2072 432 2121 ejus
454 2068 696 2119 licentiam,
738 2083 861 2124 quam
898 2070 1023 2109 etiam
1055 2070 1099 2107 in
1129 2070 1324 2123 prosaico
1355 2070 1562 2134 scriptore
1589 2082 1679 2108 non

223 2123 405 2163 absurde
448 2138 526 2163 neo
560 2125 717 2164 frustra
746 2140 839 2164 cum
868 2125 1038 2178 poetica
1069 2125 1142 2164 illa
1171 2125 1502 2180 comparaveris,
1546 2125 1680 2163 nolim

222 2180 370 2219 haberi
392 2179 602 2218 infinitam
623 2195 756 2235 eoque
778 2194 913 2234 usque
937 2180 1136 2230 extendi,
1168 2190 1217 2220 ut
1238 2196 1258 2220 3
1283 2184 1426 2235 regula
1448 2190 1490 2220 et
1510 2194 1592 2218 usu
1616 2194 1680 2219 re·

223 2246 350 2287 cepto
374 2236 430 2274 eti
435 2250 499 2274 am
531 2246 621 2274 tum
652 2236 818 2275 dicatur
849 2238 1055 2276 Lucianus
1074 2238 1322 2286 recessisse,
1364 2237 1439 2275 ubi
1471 2236 1516 2275 id
1538 2248 1679 2274 merae

222 2294 292 2329 cel
315 2292 544 2330 temeritati
563 2302 604 2331 et
623 2293 812 2343 levitati,
842 2295 909 2332 vel
928 2293 1194 2346 ignorantiae
1216 2303 1258 2333 et
1286 2293 1451 2346 stupori
1488 2291 1677 2329 tribuen-

224 2345 322 2384 dum
354 2347 481 2388 foret.
540 2347 669 2400 Apud
698 2357 857 2388 veteres
888 2348 1057 2401 quidem
1089 2350 1283 2396 Atticos,
1324 2348 1546 2401 propiores
1578 2346 1676 2383 illos

221 2401 397 2455 poetico
420 2416 547 2451 aevo,
580 2418 667 2442 non
690 2404 805 2443 firma
835 2405 919 2442 fuit
952 2404 1003 2443 de
1033 2406 1248 2458 augmenti
1282 2419 1355 2442 usu
1390 2406 1482 2443 lex:
1522 2399 1594 2440 sed
1629 2413 1679 2439 ea

222 2465 383 2507 aetate,
415 2472 496 2511 qua
523 2459 726 2499 Lucianus
743 2459 931 2512 scripsit,
972 2475 1094 2514 quam
1122 2463 1213 2512 jure
1243 2472 1413 2513 gramm
1402 2458 1574 2504 uticam.
1610 2458 1678 2495 vel

199 2511 459 2551 =technicam
482 2512 612 2564 dicas,
628 2515 881 2554 arctioribus
907 2515 1244 2567 certioribusque
1255 2512 1414 2553 finibus
1434 2512 1676 2551 restrictum

221 2567 356 2606 fuisse
376 2578 542 2607 constat
563 2571 859 2622 Atticismum,
893 2581 942 2610 ut
965 2586 1051 2609 nou
1079 2581 1232 2610 temere
1252 2583 1328 2609 nec
1359 2569 1532 2621 impune
1561 2570 1675 2620 leges

222 2625 314 2675 ejus
355 2623 535 2675 migrare
565 2626 735 2677 liceret,
777 2641 831 2665 ne
861 2628 900 2665 ei
945 2626 1140 2680 quidem,
1191 2624 1261 2663 cui
1289 2623 1392 2663 alias
1423 2622 1477 2662 ob
1509 2622 1677 2675 ingenii

223 2678 531 2732 praestantiam
554 2685 706 2726 aetatis
734 2697 836 2726 suae
864 2683 1001 2729 labem
1027 2681 1296 2751 dissimulare
1322 2679 1492 2733 licebat.
1548 2679 1680 2722 Plura
