<?xml version="1.0" encoding="UTF-8"?>
<!DOCTYPE html PUBLIC "-//W3C//DTD XHTML 1.0 Transitional//EN"
    "http://www.w3.org/TR/xhtml1/DTD/xhtml1-transitional.dtd">
<html xmlns="http://www.w3.org/1999/xhtml" xml:lang="en" lang="en">
 <head>
  <title>
</title>
<meta http-equiv="Content-Type" content="text/html;charset=utf-8" />
  <meta name='ocr-system' content='tesseract 3.04.00' />
  <meta name='ocr-capabilities' content='ocr_page ocr_carea ocr_par ocr_line ocrx_word'/>
</head>
<body>
  <div class='ocr_page' id='page_1' title='image "./operagraecaetlat02luciuoft_0621.png"; bbox 0 0 1741 3132; ppageno 0'>
   <div class='ocr_carea' id='block_1_1' title="bbox 326 220 1493 266">
    <p class='ocr_par' dir='ltr' id='par_1_1' title="bbox 326 220 1493 266">
     <span class='ocr_line' id='line_1_1' title="bbox 326 220 1493 266; baseline 0.008 -10"><span class='ocrx_word' id='word_1_1' title='bbox 326 226 386 256; x_wconf 70' lang='lat' dir='ltr'>m</span> <span class='ocrx_word' id='word_1_2' title='bbox 425 223 738 255; x_wconf 73' lang='lat' dir='ltr'>DIALOGOS</span> <span class='ocrx_word' id='word_1_3' title='bbox 773 224 1178 260; x_wconf 66' lang='lat' dir='ltr'>monz-nonunt.</span> <span class='ocrx_word' id='word_1_4' title='bbox 1396 220 1493 266; x_wconf 81' lang='lat'>609</span> 
     </span>
    </p>
   </div>
   <div class='ocr_carea' id='block_1_2' title="bbox 27 318 1499 2846">
    <p class='ocr_par' dir='ltr' id='par_1_2' title="bbox 29 318 1493 770">
     <span class='ocr_line' id='line_1_2' title="bbox 33 318 1493 380; baseline 0.001 -13"><span class='ocrx_word' id='word_1_5' title='bbox 33 320 65 367; x_wconf 74' lang='grc' dir='ltr'><em>ὦ</em></span> <span class='ocrx_word' id='word_1_6' title='bbox 91 320 321 380; x_wconf 78' lang='grc' dir='ltr'><em>Σώκρατες,</em></span> <span class='ocrx_word' id='word_1_7' title='bbox 355 321 574 376; x_wconf 72' lang='grc' dir='ltr'><em>ἄνθρωπος</em></span> <span class='ocrx_word' id='word_1_8' title='bbox 604 321 651 364; x_wconf 81' lang='grc' dir='ltr'>εἷ.</span> <span class='ocrx_word' id='word_1_9' title='bbox 688 318 782 374; x_wconf 81' lang='grc' dir='ltr'><em>τάγε</em></span> <span class='ocrx_word' id='word_1_10' title='bbox 816 329 978 365; x_wconf 82' lang='grc' dir='ltr'><em>τοιαῦτα</em></span> <span class='ocrx_word' id='word_1_11' title='bbox 1004 323 1147 374; x_wconf 73' lang='grc' dir='ltr'><em>πάντες</em></span> <span class='ocrx_word' id='word_1_12' title='bbox 1171 320 1244 369; x_wconf 76' lang='grc' dir='ltr'>οὖν</span> <span class='ocrx_word' id='word_1_13' title='bbox 1271 336 1347 369; x_wconf 82' lang='lat' dir='ltr'>etc.</span> <span class='ocrx_word' id='word_1_14' title='bbox 1409 329 1493 369; x_wconf 86' lang='lat' dir='ltr'>Sed</span> 
     </span>
     <span class='ocr_line' id='line_1_3' title="bbox 30 377 1492 436; baseline 0 -12"><span class='ocrx_word' id='word_1_15' title='bbox 30 378 244 434; x_wconf 68' lang='grc' dir='ltr'><em>εὐδαίμων,</em></span> <span class='ocrx_word' id='word_1_16' title='bbox 278 379 436 432; x_wconf 85' lang='lat' dir='ltr'>inquit,</span> <span class='ocrx_word' id='word_1_17' title='bbox 470 377 690 432; x_wconf 72' lang='grc' dir='ltr'><em>ἅνθρωπος</em></span> <span class='ocrx_word' id='word_1_18' title='bbox 718 378 756 420; x_wconf 81' lang='grc' dir='ltr'>εἶ</span> <span class='ocrx_word' id='word_1_19' title='bbox 768 377 861 431; x_wconf 73' lang='grc' dir='ltr'><em>τάγε</em></span> <span class='ocrx_word' id='word_1_20' title='bbox 881 387 1063 422; x_wconf 84' lang='grc' dir='ltr'><em>τοιαῦτα·</em></span> <span class='ocrx_word' id='word_1_21' title='bbox 1095 384 1259 422; x_wconf 86' lang='lat' dir='ltr'>scilicet</span> <span class='ocrx_word' id='word_1_22' title='bbox 1285 396 1492 436; x_wconf 85' lang='lat' dir='ltr'>quantum</span> 
     </span>
     <span class='ocr_line' id='line_1_4' title="bbox 30 434 1492 489; baseline 0.002 -12"><span class='ocrx_word' id='word_1_23' title='bbox 30 437 84 477; x_wconf 88' lang='lat' dir='ltr'>ad</span> <span class='ocrx_word' id='word_1_24' title='bbox 106 438 176 476; x_wconf 84' lang='lat' dir='ltr'>illa</span> <span class='ocrx_word' id='word_1_25' title='bbox 197 437 302 476; x_wconf 85' lang='lat' dir='ltr'>vitia</span> <span class='ocrx_word' id='word_1_26' title='bbox 327 434 511 483; x_wconf 85' lang='lat' dir='ltr'>adtinet,</span> <span class='ocrx_word' id='word_1_27' title='bbox 544 434 744 487; x_wconf 83' lang='lat' dir='ltr'>(quibus,</span> <span class='ocrx_word' id='word_1_28' title='bbox 777 445 824 474; x_wconf 92' lang='lat' dir='ltr'>ut</span> <span class='ocrx_word' id='word_1_29' title='bbox 846 440 1095 489; x_wconf 78' lang='lat' dir='ltr'>praecessit,</span> <span class='ocrx_word' id='word_1_30' title='bbox 1128 439 1376 479; x_wconf 84' lang='lat' dir='ltr'>laborabant</span> <span class='ocrx_word' id='word_1_31' title='bbox 1396 443 1492 480; x_wconf 87' lang='lat' dir='ltr'>Ari·</span> 
     </span>
     <span class='ocr_line' id='line_1_5' title="bbox 30 490 1493 550; baseline 0.003 -17"><span class='ocrx_word' id='word_1_32' title='bbox 30 495 217 547; x_wconf 83' lang='lat' dir='ltr'>stippus,</span> <span class='ocrx_word' id='word_1_33' title='bbox 247 494 382 541; x_wconf 86' lang='lat' dir='ltr'>Plato,</span> <span class='ocrx_word' id='word_1_34' title='bbox 416 491 518 539; x_wconf 85' lang='lat' dir='ltr'>alii)</span> <span class='ocrx_word' id='word_1_35' title='bbox 544 500 604 540; x_wconf 87' lang='lat' dir='ltr'>tu,</span> <span class='ocrx_word' id='word_1_36' title='bbox 638 490 847 538; x_wconf 82' lang='lat' dir='ltr'>Socrates,</span> <span class='ocrx_word' id='word_1_37' title='bbox 878 492 1006 531; x_wconf 85' lang='lat' dir='ltr'>homo</span> <span class='ocrx_word' id='word_1_38' title='bbox 1030 494 1175 534; x_wconf 85' lang='lat' dir='ltr'>beatus</span> <span class='ocrx_word' id='word_1_39' title='bbox 1202 510 1267 535; x_wconf 86' lang='lat' dir='ltr'>es:</span> <span class='ocrx_word' id='word_1_40' title='bbox 1300 507 1493 550; x_wconf 85' lang='lat' dir='ltr'>propter-</span> 
     </span>
     <span class='ocr_line' id='line_1_6' title="bbox 30 547 1492 593; baseline 0.003 -4"><span class='ocrx_word' id='word_1_41' title='bbox 30 565 78 589; x_wconf 85' lang='lat' dir='ltr'>ea</span> <span class='ocrx_word' id='word_1_42' title='bbox 112 563 254 589; x_wconf 74' lang='lat' dir='ltr'>omnes</span> <span class='ocrx_word' id='word_1_43' title='bbox 288 547 576 586; x_wconf 77' lang='lat' dir='ltr'>admirabilem</span> <span class='ocrx_word' id='word_1_44' title='bbox 610 556 652 585; x_wconf 86' lang='lat' dir='ltr'>te</span> <span class='ocrx_word' id='word_1_45' title='bbox 686 547 821 585; x_wconf 87' lang='lat' dir='ltr'>fuisse</span> <span class='ocrx_word' id='word_1_46' title='bbox 853 549 1102 593; x_wconf 74' lang='lat' dir='ltr'>existimant</span> <span class='ocrx_word' id='word_1_47' title='bbox 1131 552 1269 590; x_wconf 88' lang='lat' dir='ltr'>virum</span> <span class='ocrx_word' id='word_1_48' title='bbox 1297 563 1375 592; x_wconf 84' lang='lat' dir='ltr'>etc.</span> <span class='ocrx_word' id='word_1_49' title='bbox 1436 554 1492 592; x_wconf 87' lang='lat' dir='ltr'>In</span> 
     </span>
     <span class='ocr_line' id='line_1_7' title="bbox 29 602 1490 659; baseline 0.002 -15"><span class='ocrx_word' id='word_1_50' title='bbox 29 605 248 659; x_wconf 86' lang='lat' dir='ltr'>prioribus</span> <span class='ocrx_word' id='word_1_51' title='bbox 270 614 407 642; x_wconf 83' lang='lat' dir='ltr'>tamen</span> <span class='ocrx_word' id='word_1_52' title='bbox 437 603 502 640; x_wconf 82' lang='lat' dir='ltr'>his</span> <span class='ocrx_word' id='word_1_53' title='bbox 530 602 717 642; x_wconf 78' lang='lat' dir='ltr'><em>Graevius</em></span> <span class='ocrx_word' id='word_1_54' title='bbox 742 607 956 657; x_wconf 82' lang='lat' dir='ltr'><strong>vulgatam</strong></span> <span class='ocrx_word' id='word_1_55' title='bbox 988 617 1128 645; x_wconf 82' lang='lat' dir='ltr'>servat</span> <span class='ocrx_word' id='word_1_56' title='bbox 1150 607 1490 654; x_wconf 78' lang='lat' dir='ltr'><strong>distinctionem,</strong></span> 
     </span>
     <span class='ocr_line' id='line_1_8' title="bbox 30 659 1492 717; baseline 0.002 -17"><span class='ocrx_word' id='word_1_57' title='bbox 30 676 197 715; x_wconf 88' lang='lat' dir='ltr'>ponens</span> <span class='ocrx_word' id='word_1_58' title='bbox 218 670 329 700; x_wconf 86' lang='lat' dir='ltr'>recte</span> <span class='ocrx_word' id='word_1_59' title='bbox 351 659 550 712; x_wconf 85' lang='lat' dir='ltr'><strong>deinceps</strong></span> <span class='ocrx_word' id='word_1_60' title='bbox 579 672 737 697; x_wconf 87' lang='lat' dir='ltr'>comma</span> <span class='ocrx_word' id='word_1_61' title='bbox 759 670 859 712; x_wconf 84' lang='lat' dir='ltr'>post</span> <span class='ocrx_word' id='word_1_62' title='bbox 879 665 1023 712; x_wconf 81' lang='grc' dir='ltr'><em>ταῦτα,</em></span> <span class='ocrx_word' id='word_1_63' title='bbox 1056 662 1128 701; x_wconf 85' lang='lat' dir='ltr'>ubi</span> <span class='ocrx_word' id='word_1_64' title='bbox 1153 666 1282 717; x_wconf 82' lang='lat' dir='ltr'>vulgo</span> <span class='ocrx_word' id='word_1_65' title='bbox 1302 664 1492 704; x_wconf 88' lang='lat' dir='ltr'>habeba-</span> 
     </span>
     <span class='ocr_line' id='line_1_9' title="bbox 32 717 500 770; baseline -0.013 -13"><span class='ocrx_word' id='word_1_66' title='bbox 32 728 103 757; x_wconf 86' lang='lat' dir='ltr'>tur</span> <span class='ocrx_word' id='word_1_67' title='bbox 127 726 345 770; x_wconf 85' lang='lat' dir='ltr'>punctum.</span> <span class='ocrx_word' id='word_1_68' title='bbox 377 717 500 756; x_wconf 80' lang='lat' dir='ltr'>JENS.</span> 
     </span>
    </p>

    <p class='ocr_par' dir='ltr' id='par_1_3' title="bbox 29 770 1495 1499">
     <span class='ocr_line' id='line_1_10' title="bbox 144 770 1492 826; baseline 0.002 -14"><span class='ocrx_word' id='word_1_69' title='bbox 144 772 247 812; x_wconf 76' lang='lat' dir='ltr'>Ibid.</span> <span class='ocrx_word' id='word_1_70' title='bbox 287 770 341 813; x_wconf 79' lang='grc' dir='ltr'>Τά</span> <span class='ocrx_word' id='word_1_71' title='bbox 358 789 401 826; x_wconf 79' lang='grc' dir='ltr'>γε</span> <span class='ocrx_word' id='word_1_72' title='bbox 423 770 612 824; x_wconf 78' lang='grc' dir='ltr'><em>τοιαῦτα)</em></span> <span class='ocrx_word' id='word_1_73' title='bbox 649 770 856 812; x_wconf 77' lang='lat' dir='ltr'>Graevium</span> <span class='ocrx_word' id='word_1_74' title='bbox 878 773 1088 814; x_wconf 84' lang='lat' dir='ltr'>aberrasse</span> <span class='ocrx_word' id='word_1_75' title='bbox 1110 774 1264 815; x_wconf 88' lang='lat' dir='ltr'>miror:</span> <span class='ocrx_word' id='word_1_76' title='bbox 1297 791 1385 815; x_wconf 89' lang='lat' dir='ltr'>eam</span> <span class='ocrx_word' id='word_1_77' title='bbox 1410 776 1492 815; x_wconf 86' lang='lat' dir='ltr'>ad-</span> 
     </span>
     <span class='ocr_line' id='line_1_11' title="bbox 29 826 1490 885; baseline 0.002 -17"><span class='ocrx_word' id='word_1_78' title='bbox 29 829 175 868; x_wconf 81' lang='lat' dir='ltr'>hibuit</span> <span class='ocrx_word' id='word_1_79' title='bbox 198 827 433 883; x_wconf 50' lang='lat' dir='ltr'>commodea</span> <span class='ocrx_word' id='word_1_80' title='bbox 449 826 753 881; x_wconf 81' lang='lat' dir='ltr'>distinguendo</span> <span class='ocrx_word' id='word_1_81' title='bbox 783 829 1032 868; x_wconf 81' lang='lat' dir='ltr'><strong>medicinam</strong></span> <span class='ocrx_word' id='word_1_82' title='bbox 1058 831 1230 881; x_wconf 76' lang='lat' dir='ltr'>Jensius,</span> <span class='ocrx_word' id='word_1_83' title='bbox 1265 846 1373 885; x_wconf 87' lang='lat' dir='ltr'>quae</span> <span class='ocrx_word' id='word_1_84' title='bbox 1395 848 1490 872; x_wconf 89' lang='lat' dir='ltr'>cum</span> 
     </span>
     <span class='ocr_line' id='line_1_12' title="bbox 29 882 1489 941; baseline 0.001 -17"><span class='ocrx_word' id='word_1_85' title='bbox 29 901 110 924; x_wconf 87' lang='lat' dir='ltr'>usu</span> <span class='ocrx_word' id='word_1_86' title='bbox 131 885 367 939; x_wconf 84' lang='lat' dir='ltr'><strong>particulae</strong></span> <span class='ocrx_word' id='word_1_87' title='bbox 383 884 457 925; x_wconf 78' lang='grc' dir='ltr'>οὖν</span> <span class='ocrx_word' id='word_1_88' title='bbox 473 882 622 922; x_wconf 86' lang='lat' dir='ltr'><strong>ordine</strong></span> <span class='ocrx_word' id='word_1_89' title='bbox 643 891 720 923; x_wconf 87' lang='lat' dir='ltr'>suo</span> <span class='ocrx_word' id='word_1_90' title='bbox 746 885 1018 925; x_wconf 80' lang='lat' dir='ltr'>collocandae</span> <span class='ocrx_word' id='word_1_91' title='bbox 1040 897 1245 939; x_wconf 79' lang='lat' dir='ltr'>perpetuo</span> <span class='ocrx_word' id='word_1_92' title='bbox 1267 890 1489 941; x_wconf 79' lang='lat' dir='ltr'>congruit:</span> 
     </span>
     <span class='ocr_line' id='line_1_13' title="bbox 29 939 1491 995; baseline 0.004 -15"><span class='ocrx_word' id='word_1_93' title='bbox 29 957 126 980; x_wconf 81' lang='lat' dir='ltr'>nam</span> <span class='ocrx_word' id='word_1_94' title='bbox 150 941 245 994; x_wconf 87' lang='lat' dir='ltr'>quis</span> <span class='ocrx_word' id='word_1_95' title='bbox 271 940 381 980; x_wconf 83' lang='lat' dir='ltr'>fetat</span> <span class='ocrx_word' id='word_1_96' title='bbox 399 939 559 995; x_wconf 71' lang='lat' dir='ltr'>Graece</span> <span class='ocrx_word' id='word_1_97' title='bbox 583 939 719 978; x_wconf 86' lang='lat' dir='ltr'>sciens</span> <span class='ocrx_word' id='word_1_98' title='bbox 742 944 831 992; x_wconf 80' lang='lat' dir='ltr'>ejus</span> <span class='ocrx_word' id='word_1_99' title='bbox 862 953 1096 982; x_wconf 79' lang='lat' dir='ltr'>structurae</span> <span class='ocrx_word' id='word_1_100' title='bbox 1121 943 1395 982; x_wconf 75' lang='lat' dir='ltr'>scabritiem?</span> <span class='ocrx_word' id='word_1_101' title='bbox 1442 942 1491 985; x_wconf 73' lang='grc' dir='ltr'>τά</span> 
     </span>
     <span class='ocr_line' id='line_1_14' title="bbox 29 993 1493 1054; baseline 0.001 -14"><span class='ocrx_word' id='word_1_102' title='bbox 29 1015 73 1054; x_wconf 80' lang='grc' dir='ltr'>γε</span> <span class='ocrx_word' id='word_1_103' title='bbox 89 1002 255 1040; x_wconf 83' lang='grc' dir='ltr'><em>τοιαῦτα</em></span> <span class='ocrx_word' id='word_1_104' title='bbox 282 993 430 1044; x_wconf 81' lang='grc' dir='ltr'><em>πάντες</em></span> <span class='ocrx_word' id='word_1_105' title='bbox 460 996 534 1037; x_wconf 81' lang='grc' dir='ltr'>οὐν</span> <span class='ocrx_word' id='word_1_106' title='bbox 559 1009 601 1037; x_wconf 82' lang='grc' dir='ltr'>σε</span> <span class='ocrx_word' id='word_1_107' title='bbox 628 995 859 1048; x_wconf 76' lang='grc' dir='ltr'><em>θαυμάσιον</em></span> <span class='ocrx_word' id='word_1_108' title='bbox 883 999 1044 1040; x_wconf 78' lang='grc' dir='ltr'><em>οἴονται.</em></span> <span class='ocrx_word' id='word_1_109' title='bbox 1109 999 1262 1038; x_wconf 87' lang='lat' dir='ltr'>Postea</span> <span class='ocrx_word' id='word_1_110' title='bbox 1285 1002 1348 1040; x_wconf 82' lang='grc' dir='ltr'>καὶ</span> <span class='ocrx_word' id='word_1_111' title='bbox 1370 1005 1493 1042; x_wconf 75' lang='grc' dir='ltr'><em>ταῦτα</em></span> 
     </span>
     <span class='ocr_line' id='line_1_15' title="bbox 29 1052 1493 1108; baseline 0.001 -16"><span class='ocrx_word' id='word_1_112' title='bbox 29 1063 147 1093; x_wconf 84' lang='lat' dir='ltr'>extra</span> <span class='ocrx_word' id='word_1_113' title='bbox 171 1052 479 1091; x_wconf 85' lang='lat' dir='ltr'>dubitationem</span> <span class='ocrx_word' id='word_1_114' title='bbox 498 1052 606 1089; x_wconf 86' lang='lat' dir='ltr'>mihi</span> <span class='ocrx_word' id='word_1_115' title='bbox 630 1054 816 1104; x_wconf 89' lang='lat' dir='ltr'>positum</span> <span class='ocrx_word' id='word_1_116' title='bbox 836 1053 1028 1092; x_wconf 80' lang='lat' dir='ltr'>videtur:</span> <span class='ocrx_word' id='word_1_117' title='bbox 1062 1054 1105 1092; x_wconf 90' lang='lat' dir='ltr'>in</span> <span class='ocrx_word' id='word_1_118' title='bbox 1132 1054 1493 1108; x_wconf 76' lang='lat' dir='ltr'>corrigendoLu-</span> 
     </span>
     <span class='ocr_line' id='line_1_16' title="bbox 30 1108 1490 1163; baseline 0 -14"><span class='ocrx_word' id='word_1_119' title='bbox 30 1112 145 1149; x_wconf 83' lang='lat' dir='ltr'>ciano</span> <span class='ocrx_word' id='word_1_120' title='bbox 165 1109 391 1148; x_wconf 80' lang='lat' dir='ltr'>Lucianum</span> <span class='ocrx_word' id='word_1_121' title='bbox 420 1108 540 1160; x_wconf 88' lang='lat' dir='ltr'>sequi</span> <span class='ocrx_word' id='word_1_122' title='bbox 567 1108 720 1155; x_wconf 86' lang='lat' dir='ltr'>malui,</span> <span class='ocrx_word' id='word_1_123' title='bbox 754 1123 876 1162; x_wconf 88' lang='lat' dir='ltr'>quam</span> <span class='ocrx_word' id='word_1_124' title='bbox 909 1110 1080 1163; x_wconf 86' lang='lat' dir='ltr'>scriptis</span> <span class='ocrx_word' id='word_1_125' title='bbox 1109 1111 1322 1163; x_wconf 85' lang='lat' dir='ltr'>editisque</span> <span class='ocrx_word' id='word_1_126' title='bbox 1351 1112 1490 1161; x_wconf 80' lang='lat' dir='ltr'>libris,</span> 
     </span>
     <span class='ocr_line' id='line_1_17' title="bbox 31 1164 1494 1218; baseline 0.001 -15"><span class='ocrx_word' id='word_1_127' title='bbox 31 1166 77 1203; x_wconf 86' lang='lat' dir='ltr'>in</span> <span class='ocrx_word' id='word_1_128' title='bbox 104 1165 278 1218; x_wconf 88' lang='lat' dir='ltr'>quibus,</span> <span class='ocrx_word' id='word_1_129' title='bbox 312 1178 384 1202; x_wconf 85' lang='lat' dir='ltr'>cur</span> <span class='ocrx_word' id='word_1_130' title='bbox 406 1164 613 1216; x_wconf 88' lang='lat' dir='ltr'>particula</span> <span class='ocrx_word' id='word_1_131' title='bbox 636 1166 701 1205; x_wconf 82' lang='grc' dir='ltr'>καὶ</span> <span class='ocrx_word' id='word_1_132' title='bbox 727 1166 858 1204; x_wconf 88' lang='lat' dir='ltr'>fuerit</span> <span class='ocrx_word' id='word_1_133' title='bbox 880 1166 977 1203; x_wconf 86' lang='lat' dir='ltr'>elisa</span> <span class='ocrx_word' id='word_1_134' title='bbox 993 1196 1003 1215; x_wconf 90' lang='lat'>‚</span> <span class='ocrx_word' id='word_1_135' title='bbox 1036 1167 1164 1205; x_wconf 83' lang='lat' dir='ltr'>facile</span> <span class='ocrx_word' id='word_1_136' title='bbox 1189 1176 1327 1218; x_wconf 85' lang='lat' dir='ltr'>potest</span> <span class='ocrx_word' id='word_1_137' title='bbox 1349 1169 1494 1205; x_wconf 81' lang='lat' dir='ltr'>anim-</span> 
     </span>
     <span class='ocr_line' id='line_1_18' title="bbox 30 1219 1495 1272; baseline 0.002 -13"><span class='ocrx_word' id='word_1_138' title='bbox 30 1220 219 1269; x_wconf 84' lang='lat' dir='ltr'>adverti,</span> <span class='ocrx_word' id='word_1_139' title='bbox 253 1219 556 1272; x_wconf 86' lang='lat' dir='ltr'>obtemperare.</span> <span class='ocrx_word' id='word_1_140' title='bbox 615 1220 733 1260; x_wconf 83' lang='lat' dir='ltr'>Dial.</span> <span class='ocrx_word' id='word_1_141' title='bbox 763 1221 881 1259; x_wconf 92' lang='lat' dir='ltr'>XIX.</span> <span class='ocrx_word' id='word_1_142' title='bbox 916 1226 952 1270; x_wconf 76' lang='lat' dir='ltr'>(j.</span> <span class='ocrx_word' id='word_1_143' title='bbox 983 1227 1018 1264; x_wconf 88' lang='grc'><strong>1.</strong></span> <span class='ocrx_word' id='word_1_144' title='bbox 1051 1232 1093 1260; x_wconf 91' lang='lat' dir='ltr'>et</span> <span class='ocrx_word' id='word_1_145' title='bbox 1118 1223 1281 1262; x_wconf 86' lang='grc' dir='ltr'><strong>ΧΧΙΧ.</strong></span> <span class='ocrx_word' id='word_1_146' title='bbox 1317 1224 1399 1264; x_wconf 79' lang='grc' dir='ltr'><strong>ἐπεὶ</strong></span> <span class='ocrx_word' id='word_1_147' title='bbox 1427 1226 1495 1267; x_wconf 80' lang='grc' dir='ltr'>καὶ</span> 
     </span>
     <span class='ocr_line' id='line_1_19' title="bbox 29 1275 1489 1331; baseline 0 -12"><span class='ocrx_word' id='word_1_148' title='bbox 29 1275 221 1330; x_wconf 76' lang='grc' dir='ltr'><em>ἐκράτησέ</em></span> <span class='ocrx_word' id='word_1_149' title='bbox 239 1290 311 1318; x_wconf 85' lang='grc' dir='ltr'>σου</span> <span class='ocrx_word' id='word_1_150' title='bbox 325 1307 336 1325; x_wconf 88' lang='grc'>,</span> <span class='ocrx_word' id='word_1_151' title='bbox 369 1277 436 1317; x_wconf 84' lang='grc' dir='ltr'>καὶ</span> <span class='ocrx_word' id='word_1_152' title='bbox 454 1281 579 1317; x_wconf 79' lang='grc' dir='ltr'><em>ταῦτα</em></span> <span class='ocrx_word' id='word_1_153' title='bbox 601 1275 710 1331; x_wconf 70' lang='grc' dir='ltr'><em>παρὰ</em></span> <span class='ocrx_word' id='word_1_154' title='bbox 739 1279 866 1331; x_wconf 85' lang='grc' dir='ltr'><em>Τρωσὶ</em></span> <span class='ocrx_word' id='word_1_155' title='bbox 885 1280 1100 1328; x_wconf 80' lang='grc' dir='ltr'><em>δικασταῖς.</em></span> <span class='ocrx_word' id='word_1_156' title='bbox 1162 1279 1366 1329; x_wconf 68' lang='lat' dir='ltr'>Necyom.</span> <span class='ocrx_word' id='word_1_157' title='bbox 1389 1284 1427 1328; x_wconf 68' lang='lat'>§-</span> <span class='ocrx_word' id='word_1_158' title='bbox 1449 1285 1489 1324; x_wconf 88' lang='lat'>4.</span> 
     </span>
     <span class='ocr_line' id='line_1_20' title="bbox 29 1330 1493 1390; baseline 0.001 -15"><span class='ocrx_word' id='word_1_159' title='bbox 29 1335 100 1375; x_wconf 82' lang='grc' dir='ltr'>καὶ</span> <span class='ocrx_word' id='word_1_160' title='bbox 117 1338 240 1375; x_wconf 85' lang='grc' dir='ltr'><em>ταῦτα</em></span> <span class='ocrx_word' id='word_1_161' title='bbox 261 1330 392 1375; x_wconf 83' lang='grc' dir='ltr'><em>εἰδότα</em></span> <span class='ocrx_word' id='word_1_162' title='bbox 415 1337 567 1384; x_wconf 80' lang='grc' dir='ltr'><strong>σαφῶς.</strong></span> <span class='ocrx_word' id='word_1_163' title='bbox 615 1337 657 1382; x_wconf 69' lang='lat'>0.</span> <span class='ocrx_word' id='word_1_164' title='bbox 685 1337 748 1376; x_wconf 88' lang='grc'>14.</span> <span class='ocrx_word' id='word_1_165' title='bbox 777 1334 968 1386; x_wconf 84' lang='lat' dir='ltr'>alibique</span> <span class='ocrx_word' id='word_1_166' title='bbox 988 1349 1123 1387; x_wconf 85' lang='lat' dir='ltr'>saepe.</span> <span class='ocrx_word' id='word_1_167' title='bbox 1163 1334 1372 1377; x_wconf 76' lang='lat' dir='ltr'>Alcidam.</span> <span class='ocrx_word' id='word_1_168' title='bbox 1395 1350 1493 1390; x_wconf 81' lang='lat' dir='ltr'>pag.</span> 
     </span>
     <span class='ocr_line' id='line_1_21' title="bbox 31 1386 1494 1445; baseline 0 -11"><span class='ocrx_word' id='word_1_169' title='bbox 31 1392 124 1434; x_wconf 79' lang='lat'>185.</span> <span class='ocrx_word' id='word_1_170' title='bbox 148 1404 189 1430; x_wconf 82' lang='lat' dir='ltr'>v.</span> <span class='ocrx_word' id='word_1_171' title='bbox 211 1395 250 1433; x_wconf 83' lang='grc'><strong>8.</strong></span> <span class='ocrx_word' id='word_1_172' title='bbox 278 1386 407 1442; x_wconf 68' lang='grc' dir='ltr'><em>ἄνδρα</em></span> <span class='ocrx_word' id='word_1_173' title='bbox 439 1388 641 1442; x_wconf 83' lang='grc' dir='ltr'><em>σύμμαχον</em></span> <span class='ocrx_word' id='word_1_174' title='bbox 645 1420 834 1430; x_wconf 91' lang='grc'><strong>.....</strong></span> <span class='ocrx_word' id='word_1_175' title='bbox 865 1391 934 1431; x_wconf 83' lang='grc' dir='ltr'>καὶ</span> <span class='ocrx_word' id='word_1_176' title='bbox 961 1396 1086 1432; x_wconf 80' lang='grc' dir='ltr'><em>ταῦτα</em></span> <span class='ocrx_word' id='word_1_177' title='bbox 1116 1390 1314 1445; x_wconf 78' lang='grc' dir='ltr'><em>πρότερον</em></span> <span class='ocrx_word' id='word_1_178' title='bbox 1338 1393 1378 1433; x_wconf 82' lang='grc' dir='ltr'>ἐν</span> <span class='ocrx_word' id='word_1_179' title='bbox 1398 1389 1494 1445; x_wconf 81' lang='grc' dir='ltr'><em>ὖμῐν</em></span> 
     </span>
     <span class='ocr_line' id='line_1_22' title="bbox 29 1442 556 1499; baseline -0.009 -11"><span class='ocrx_word' id='word_1_180' title='bbox 29 1442 333 1499; x_wconf 77' lang='grc' dir='ltr'><em>εὖδοκιμηκότα.</em></span> <span class='ocrx_word' id='word_1_181' title='bbox 376 1446 556 1486; x_wconf 62' lang='lat' dir='ltr'>Heium.</span> 
     </span>
    </p>

    <p class='ocr_par' dir='ltr' id='par_1_4' title="bbox 27 1502 1497 1949">
     <span class='ocr_line' id='line_1_23' title="bbox 142 1502 1493 1554; baseline 0.002 -13"><span class='ocrx_word' id='word_1_182' title='bbox 142 1502 244 1554; x_wconf 78' lang='lat' dir='ltr'>Pag.</span> <span class='ocrx_word' id='word_1_183' title='bbox 272 1505 367 1544; x_wconf 81' lang='lat'>219.</span> <span class='ocrx_word' id='word_1_184' title='bbox 395 1504 424 1540; x_wconf 90' lang='lat' dir='ltr'>l.</span> <span class='ocrx_word' id='word_1_185' title='bbox 447 1507 482 1542; x_wconf 90' lang='lat'>1.</span> <span class='ocrx_word' id='word_1_186' title='bbox 524 1502 603 1542; x_wconf 86' lang='grc' dir='ltr'>Καὶ</span> <span class='ocrx_word' id='word_1_187' title='bbox 622 1503 770 1551; x_wconf 78' lang='grc' dir='ltr'><em>ταῦτα)</em></span> <span class='ocrx_word' id='word_1_188' title='bbox 799 1502 962 1547; x_wconf 85' lang='lat' dir='ltr'>Misere</span> <span class='ocrx_word' id='word_1_189' title='bbox 998 1512 1122 1542; x_wconf 81' lang='lat' dir='ltr'>antea</span> <span class='ocrx_word' id='word_1_190' title='bbox 1143 1503 1236 1542; x_wconf 90' lang='lat' dir='ltr'>sine</span> <span class='ocrx_word' id='word_1_191' title='bbox 1259 1505 1328 1545; x_wconf 80' lang='grc' dir='ltr'>καὶ</span> <span class='ocrx_word' id='word_1_192' title='bbox 1353 1505 1493 1544; x_wconf 84' lang='lat' dir='ltr'>oratio</span> 
     </span>
     <span class='ocr_line' id='line_1_24' title="bbox 29 1557 1497 1614; baseline 0.001 -16"><span class='ocrx_word' id='word_1_193' title='bbox 29 1557 308 1607; x_wconf 86' lang='lat' dir='ltr'>claudicabat,</span> <span class='ocrx_word' id='word_1_194' title='bbox 342 1557 447 1596; x_wconf 88' lang='lat' dir='ltr'>etin</span> <span class='ocrx_word' id='word_1_195' title='bbox 473 1571 640 1595; x_wconf 87' lang='lat' dir='ltr'>sensum</span> <span class='ocrx_word' id='word_1_196' title='bbox 664 1557 892 1614; x_wconf 71' lang='lat' dir='ltr'>absurdum</span> <span class='ocrx_word' id='word_1_197' title='bbox 917 1561 1108 1598; x_wconf 81' lang='lat' dir='ltr'>volentes</span> <span class='ocrx_word' id='word_1_198' title='bbox 1130 1563 1324 1599; x_wconf 86' lang='lat' dir='ltr'>nolentes</span> <span class='ocrx_word' id='word_1_199' title='bbox 1351 1561 1497 1612; x_wconf 81' lang='lat' dir='ltr'>rapie-</span> 
     </span>
     <span class='ocr_line' id='line_1_25' title="bbox 28 1611 1496 1670; baseline 0.003 -17"><span class='ocrx_word' id='word_1_200' title='bbox 28 1613 124 1664; x_wconf 78' lang='lat' dir='ltr'>bat,</span> <span class='ocrx_word' id='word_1_201' title='bbox 156 1614 201 1652; x_wconf 86' lang='lat' dir='ltr'>in</span> <span class='ocrx_word' id='word_1_202' title='bbox 233 1613 348 1651; x_wconf 89' lang='lat' dir='ltr'>hunc</span> <span class='ocrx_word' id='word_1_203' title='bbox 370 1611 563 1652; x_wconf 86' lang='lat' dir='ltr'>modum:</span> <span class='ocrx_word' id='word_1_204' title='bbox 592 1612 738 1661; x_wconf 77' lang='grc' dir='ltr'><em>πάντες</em></span> <span class='ocrx_word' id='word_1_205' title='bbox 759 1615 833 1655; x_wconf 80' lang='grc' dir='ltr'>οὖν</span> <span class='ocrx_word' id='word_1_206' title='bbox 854 1628 896 1656; x_wconf 86' lang='grc' dir='ltr'>σε</span> <span class='ocrx_word' id='word_1_207' title='bbox 924 1612 1160 1668; x_wconf 80' lang='grc' dir='ltr'><em>θαυμάσιον</em></span> <span class='ocrx_word' id='word_1_208' title='bbox 1188 1618 1342 1657; x_wconf 81' lang='grc' dir='ltr'><em>οἴονται</em></span> <span class='ocrx_word' id='word_1_209' title='bbox 1364 1615 1496 1670; x_wconf 73' lang='grc' dir='ltr'><em>ἄνδρα</em></span> 
     </span>
     <span class='ocr_line' id='line_1_26' title="bbox 27 1667 1496 1726; baseline 0.001 -14"><span class='ocrx_word' id='word_1_210' title='bbox 27 1674 288 1726; x_wconf 71' lang='grc' dir='ltr'><em>γεγενῆσθαι,</em></span> <span class='ocrx_word' id='word_1_211' title='bbox 320 1670 387 1710; x_wconf 81' lang='grc' dir='ltr'>καὶ</span> <span class='ocrx_word' id='word_1_212' title='bbox 411 1667 541 1710; x_wconf 80' lang='grc' dir='ltr'><em>πάντα</em></span> <span class='ocrx_word' id='word_1_213' title='bbox 568 1671 780 1723; x_wconf 80' lang='grc' dir='ltr'><em>ἐγνωκέναι</em></span> <span class='ocrx_word' id='word_1_214' title='bbox 809 1676 952 1711; x_wconf 84' lang='grc' dir='ltr'><em>ταῦτα·</em></span> <span class='ocrx_word' id='word_1_215' title='bbox 985 1675 1048 1712; x_wconf 80' lang='grc' dir='ltr'>δεῖ</span> <span class='ocrx_word' id='word_1_216' title='bbox 1074 1669 1152 1724; x_wconf 72' lang='grc' dir='ltr'>γάρ</span> <span class='ocrx_word' id='word_1_217' title='bbox 1185 1670 1294 1723; x_wconf 81' lang='grc' dir='ltr'><em>οἶμαι</em></span> <span class='ocrx_word' id='word_1_218' title='bbox 1322 1668 1496 1724; x_wconf 69' lang='grc' dir='ltr'><em>τάληθὲς</em></span> 
     </span>
     <span class='ocr_line' id='line_1_27' title="bbox 27 1723 1495 1781; baseline -0.002 -13"><span class='ocrx_word' id='word_1_219' title='bbox 27 1729 153 1781; x_wconf 78' lang='grc' dir='ltr'><em>λέγειν</em></span> <span class='ocrx_word' id='word_1_220' title='bbox 173 1724 291 1768; x_wconf 73' lang='grc' dir='ltr'><em>οὐδὲν</em></span> <span class='ocrx_word' id='word_1_221' title='bbox 309 1723 460 1766; x_wconf 81' lang='grc' dir='ltr'><em>εἰδότα’</em></span> <span class='ocrx_word' id='word_1_222' title='bbox 491 1738 598 1776; x_wconf 86' lang='lat' dir='ltr'>quae</span> <span class='ocrx_word' id='word_1_223' title='bbox 616 1724 735 1764; x_wconf 88' lang='lat' dir='ltr'>vides</span> <span class='ocrx_word' id='word_1_224' title='bbox 755 1740 871 1764; x_wconf 88' lang='lat' dir='ltr'>nunc</span> <span class='ocrx_word' id='word_1_225' title='bbox 891 1726 970 1764; x_wconf 86' lang='lat' dir='ltr'>hac</span> <span class='ocrx_word' id='word_1_226' title='bbox 992 1726 1078 1765; x_wconf 89' lang='lat' dir='ltr'>levi</span> <span class='ocrx_word' id='word_1_227' title='bbox 1102 1727 1352 1776; x_wconf 80' lang='lat' dir='ltr'>mutatione,</span> <span class='ocrx_word' id='word_1_228' title='bbox 1367 1742 1495 1780; x_wconf 83' lang='lat' dir='ltr'>quam</span> 
     </span>
     <span class='ocr_line' id='line_1_28' title="bbox 30 1779 1495 1836; baseline 0.003 -19"><span class='ocrx_word' id='word_1_229' title='bbox 30 1785 200 1836; x_wconf 78' lang='lat' dir='ltr'>elegans</span> <span class='ocrx_word' id='word_1_230' title='bbox 224 1790 266 1820; x_wconf 89' lang='lat' dir='ltr'>et</span> <span class='ocrx_word' id='word_1_231' title='bbox 286 1779 461 1833; x_wconf 88' lang='lat' dir='ltr'>limpida</span> <span class='ocrx_word' id='word_1_232' title='bbox 477 1779 639 1819; x_wconf 85' lang='lat' dir='ltr'>evadat.</span> <span class='ocrx_word' id='word_1_233' title='bbox 674 1780 861 1820; x_wconf 88' lang='lat' dir='ltr'>Omnino</span> <span class='ocrx_word' id='word_1_234' title='bbox 875 1781 1101 1836; x_wconf 86' lang='lat' dir='ltr'>legendum</span> <span class='ocrx_word' id='word_1_235' title='bbox 1122 1784 1189 1824; x_wconf 81' lang='grc' dir='ltr'>καὶ</span> <span class='ocrx_word' id='word_1_236' title='bbox 1210 1789 1342 1824; x_wconf 80' lang='grc' dir='ltr'><em>ταῦτα·</em></span> <span class='ocrx_word' id='word_1_237' title='bbox 1375 1783 1495 1836; x_wconf 87' lang='lat' dir='ltr'>quod.</span> 
     </span>
     <span class='ocr_line' id='line_1_29' title="bbox 31 1837 1495 1893; baseline 0 -16"><span class='ocrx_word' id='word_1_238' title='bbox 31 1837 137 1877; x_wconf 86' lang='lat' dir='ltr'>adeo</span> <span class='ocrx_word' id='word_1_239' title='bbox 158 1837 321 1890; x_wconf 87' lang='lat' dir='ltr'>liquere</span> <span class='ocrx_word' id='word_1_240' title='bbox 346 1838 530 1890; x_wconf 70' lang='lat' dir='ltr'>perlecta</span> <span class='ocrx_word' id='word_1_241' title='bbox 552 1837 764 1875; x_wconf 83' lang='lat' dir='ltr'>sententia</span> <span class='ocrx_word' id='word_1_242' title='bbox 786 1837 1003 1889; x_wconf 72' lang='lat' dir='ltr'>existimo,</span> <span class='ocrx_word' id='word_1_243' title='bbox 1034 1848 1083 1876; x_wconf 89' lang='lat' dir='ltr'>ut</span> <span class='ocrx_word' id='word_1_244' title='bbox 1107 1841 1228 1891; x_wconf 88' lang='lat' dir='ltr'>plura</span> <span class='ocrx_word' id='word_1_245' title='bbox 1254 1838 1395 1878; x_wconf 86' lang='lat' dir='ltr'>dicere</span> <span class='ocrx_word' id='word_1_246' title='bbox 1418 1839 1495 1893; x_wconf 78' lang='lat' dir='ltr'>pi-</span> 
     </span>
     <span class='ocr_line' id='line_1_30' title="bbox 31 1894 345 1949; baseline 0 -16"><span class='ocrx_word' id='word_1_247' title='bbox 31 1903 142 1949; x_wconf 88' lang='lat' dir='ltr'>geat.</span> <span class='ocrx_word' id='word_1_248' title='bbox 176 1894 345 1933; x_wconf 79' lang='lat' dir='ltr'>SOLAN.</span> 
     </span>
    </p>

    <p class='ocr_par' dir='ltr' id='par_1_5' title="bbox 29 1946 1497 2047">
     <span class='ocr_line' id='line_1_31' title="bbox 143 1946 1497 2005; baseline 0.004 -18"><span class='ocrx_word' id='word_1_249' title='bbox 143 1948 246 1989; x_wconf 80' lang='lat' dir='ltr'>Ead.</span> <span class='ocrx_word' id='word_1_250' title='bbox 270 1952 300 1988; x_wconf 87' lang='lat' dir='ltr'>l.</span> <span class='ocrx_word' id='word_1_251' title='bbox 318 1954 357 1992; x_wconf 82' lang='lat'>2.</span> <span class='ocrx_word' id='word_1_252' title='bbox 403 1946 530 1991; x_wconf 79' lang='grc' dir='ltr'><em>Οὖὸὲν</em></span> <span class='ocrx_word' id='word_1_253' title='bbox 563 1947 721 2004; x_wconf 80' lang='grc' dir='ltr'><em>εἰδότα)</em></span> <span class='ocrx_word' id='word_1_254' title='bbox 752 1948 896 1988; x_wconf 89' lang='lat' dir='ltr'>Unum</span> <span class='ocrx_word' id='word_1_255' title='bbox 929 1950 1042 2004; x_wconf 83' lang='lat' dir='ltr'>scio,</span> <span class='ocrx_word' id='word_1_256' title='bbox 1086 1950 1202 2005; x_wconf 88' lang='lat' dir='ltr'>quod</span> <span class='ocrx_word' id='word_1_257' title='bbox 1246 1950 1359 1990; x_wconf 85' lang='lat' dir='ltr'>nihil</span> <span class='ocrx_word' id='word_1_258' title='bbox 1386 1951 1497 1992; x_wconf 55' lang='lat' dir='ltr'>scio-¹</span> 
     </span>
     <span class='ocr_line' id='line_1_32' title="bbox 29 2005 208 2047; baseline -0.006 -2"><span class='ocrx_word' id='word_1_259' title='bbox 29 2005 208 2047; x_wconf 79' lang='lat' dir='ltr'>GUYET.</span> 
     </span>
    </p>

    <p class='ocr_par' dir='ltr' id='par_1_6' title="bbox 28 2060 1498 2283">
     <span class='ocr_line' id='line_1_33' title="bbox 140 2060 1497 2118; baseline 0.002 -18"><span class='ocrx_word' id='word_1_260' title='bbox 140 2060 296 2103; x_wconf 79' lang='lat' dir='ltr'>Ead.1.</span> <span class='ocrx_word' id='word_1_261' title='bbox 317 2067 357 2107; x_wconf 89' lang='grc'>6.</span> <span class='ocrx_word' id='word_1_262' title='bbox 393 2062 630 2117; x_wconf 80' lang='grc' dir='ltr'><em>Χαρμίδης)</em></span> <span class='ocrx_word' id='word_1_263' title='bbox 663 2062 896 2101; x_wconf 86' lang='lat' dir='ltr'>Glauconis</span> <span class='ocrx_word' id='word_1_264' title='bbox 933 2062 1044 2101; x_wconf 87' lang='lat' dir='ltr'>filius</span> <span class='ocrx_word' id='word_1_265' title='bbox 1073 2063 1232 2103; x_wconf 85' lang='lat' dir='ltr'>dicitur</span> <span class='ocrx_word' id='word_1_266' title='bbox 1264 2079 1285 2103; x_wconf 90' lang='lat' dir='ltr'>a</span> <span class='ocrx_word' id='word_1_267' title='bbox 1310 2065 1497 2118; x_wconf 68' lang='lat' dir='ltr'>Xenoph.</span> 
     </span>
     <span class='ocr_line' id='line_1_34' title="bbox 28 2117 1498 2174; baseline 0.001 -16"><span class='ocrx_word' id='word_1_268' title='bbox 28 2118 294 2160; x_wconf 82' lang='lat' dir='ltr'>Memorabb.</span> <span class='ocrx_word' id='word_1_269' title='bbox 317 2120 401 2160; x_wconf 79' lang='grc' dir='ltr'><strong>ΙΙΙ.</strong></span> <span class='ocrx_word' id='word_1_270' title='bbox 425 2125 522 2164; x_wconf 79' lang='lat'>429.</span> <span class='ocrx_word' id='word_1_271' title='bbox 557 2129 599 2158; x_wconf 88' lang='lat' dir='ltr'>et</span> <span class='ocrx_word' id='word_1_272' title='bbox 614 2123 711 2162; x_wconf 80' lang='lat'>434.</span> <span class='ocrx_word' id='word_1_273' title='bbox 742 2140 744 2142; x_wconf 60' lang='lat'>&gt;</span> <span class='ocrx_word' id='word_1_274' title='bbox 774 2119 824 2155; x_wconf 92' lang='lat' dir='ltr'>V.</span> <span class='ocrx_word' id='word_1_275' title='bbox 851 2117 960 2156; x_wconf 72' lang='lat' dir='ltr'>Plaz.</span> <span class='ocrx_word' id='word_1_276' title='bbox 982 2120 1025 2156; x_wconf 89' lang='lat' dir='ltr'>in</span> <span class='ocrx_word' id='word_1_277' title='bbox 1053 2120 1212 2174; x_wconf 78' lang='lat' dir='ltr'>‘I&#39;heag.</span> <span class='ocrx_word' id='word_1_278' title='bbox 1242 2129 1283 2159; x_wconf 88' lang='lat' dir='ltr'>et</span> <span class='ocrx_word' id='word_1_279' title='bbox 1305 2121 1430 2172; x_wconf 88' lang='lat' dir='ltr'>Apol.</span> <span class='ocrx_word' id='word_1_280' title='bbox 1453 2129 1498 2159; x_wconf 75' lang='lat' dir='ltr'>et</span> 
     </span>
     <span class='ocr_line' id='line_1_35' title="bbox 30 2173 1496 2230; baseline 0 -16"><span class='ocrx_word' id='word_1_281' title='bbox 30 2173 193 2214; x_wconf 79' lang='lat' dir='ltr'>Aelian.</span> <span class='ocrx_word' id='word_1_282' title='bbox 221 2174 272 2213; x_wconf 91' lang='lat' dir='ltr'>V.</span> <span class='ocrx_word' id='word_1_283' title='bbox 309 2175 362 2213; x_wconf 88' lang='lat' dir='ltr'>H.</span> <span class='ocrx_word' id='word_1_284' title='bbox 395 2175 526 2225; x_wconf 88' lang='lat' dir='ltr'>VIII,</span> <span class='ocrx_word' id='word_1_285' title='bbox 560 2181 598 2217; x_wconf 83' lang='lat'>1.</span> <span class='ocrx_word' id='word_1_286' title='bbox 639 2174 830 2214; x_wconf 84' lang='lat' dir='ltr'>Critonis</span> <span class='ocrx_word' id='word_1_287' title='bbox 866 2173 979 2213; x_wconf 83' lang='lat' dir='ltr'>filius</span> <span class='ocrx_word' id='word_1_288' title='bbox 1021 2174 1178 2214; x_wconf 85' lang='lat' dir='ltr'>dicitur</span> <span class='ocrx_word' id='word_1_289' title='bbox 1214 2177 1334 2230; x_wconf 65' lang='grc' dir='ltr'><strong>Πίος.</strong></span> <span class='ocrx_word' id='word_1_290' title='bbox 1360 2175 1496 2217; x_wconf 53' lang='lat' dir='ltr'>Laia-t.</span> 
     </span>
     <span class='ocr_line' id='line_1_36' title="bbox 30 2230 751 2283; baseline 0.001 -14"><span class='ocrx_word' id='word_1_291' title='bbox 30 2243 74 2283; x_wconf 81' lang='lat' dir='ltr'>p.</span> <span class='ocrx_word' id='word_1_292' title='bbox 92 2234 162 2276; x_wconf 68' lang='lat'>40.</span> <span class='ocrx_word' id='word_1_293' title='bbox 183 2231 242 2268; x_wconf 90' lang='lat' dir='ltr'>D.</span> <span class='ocrx_word' id='word_1_294' title='bbox 260 2230 383 2271; x_wconf 86' lang='lat' dir='ltr'>Dion.</span> <span class='ocrx_word' id='word_1_295' title='bbox 401 2231 539 2271; x_wconf 82' lang='lat' dir='ltr'>Halic.</span> <span class='ocrx_word' id='word_1_296' title='bbox 584 2231 751 2270; x_wconf 61' lang='lat' dir='ltr'>Sor-AN.</span> 
     </span>
    </p>

    <p class='ocr_par' dir='ltr' id='par_1_7' title="bbox 32 2285 1499 2791">
     <span class='ocr_line' id='line_1_37' title="bbox 146 2285 1494 2339; baseline 0.003 -16"><span class='ocrx_word' id='word_1_297' title='bbox 146 2285 246 2324; x_wconf 74' lang='lat' dir='ltr'>Ead.</span> <span class='ocrx_word' id='word_1_298' title='bbox 265 2288 294 2325; x_wconf 94' lang='lat' dir='ltr'>l.</span> <span class='ocrx_word' id='word_1_299' title='bbox 313 2292 352 2330; x_wconf 88' lang='grc'>8.</span> <span class='ocrx_word' id='word_1_300' title='bbox 388 2289 515 2328; x_wconf 83' lang='grc' dir='ltr'><em>Μέτει</em></span> <span class='ocrx_word' id='word_1_301' title='bbox 533 2286 608 2339; x_wconf 81' lang='grc' dir='ltr'>τὴν</span> <span class='ocrx_word' id='word_1_302' title='bbox 628 2292 778 2328; x_wconf 80' lang='grc' dir='ltr'><em>σαυτοῦ</em></span> <span class='ocrx_word' id='word_1_303' title='bbox 796 2287 956 2339; x_wconf 81' lang='grc' dir='ltr'><em>τέχνην)</em></span> <span class='ocrx_word' id='word_1_304' title='bbox 986 2287 1193 2326; x_wconf 88' lang='lat' dir='ltr'>Notabile</span> <span class='ocrx_word' id='word_1_305' title='bbox 1215 2287 1370 2327; x_wconf 88' lang='lat' dir='ltr'>vitium</span> <span class='ocrx_word' id='word_1_306' title='bbox 1385 2286 1494 2327; x_wconf 81' lang='lat' dir='ltr'>cod.</span> 
     </span>
     <span class='ocr_line' id='line_1_38' title="bbox 34 2338 1499 2397; baseline 0.001 -17"><span class='ocrx_word' id='word_1_307' title='bbox 34 2340 91 2382; x_wconf 91' lang='grc' dir='ltr'><strong>Ο.</strong></span> <span class='ocrx_word' id='word_1_308' title='bbox 113 2343 301 2395; x_wconf 79' lang='grc' dir='ltr'><em>μεγίστην</em></span> <span class='ocrx_word' id='word_1_309' title='bbox 331 2338 469 2391; x_wconf 75' lang='grc' dir='ltr'><em>ἆσκεῖς</em></span> <span class='ocrx_word' id='word_1_310' title='bbox 499 2347 652 2384; x_wconf 81' lang='grc' dir='ltr'><em>σαυτοῦ</em></span> <span class='ocrx_word' id='word_1_311' title='bbox 674 2344 837 2395; x_wconf 78' lang='grc' dir='ltr'><em>τέχνην,</em></span> <span class='ocrx_word' id='word_1_312' title='bbox 871 2342 1134 2397; x_wconf 85' lang='lat' dir='ltr'>dignumque</span> <span class='ocrx_word' id='word_1_313' title='bbox 1156 2343 1270 2396; x_wconf 90' lang='lat' dir='ltr'>quod</span> <span class='ocrx_word' id='word_1_314' title='bbox 1295 2344 1499 2382; x_wconf 82' lang='lat' dir='ltr'>observe-</span> 
     </span>
     <span class='ocr_line' id='line_1_39' title="bbox 34 2397 1495 2454; baseline 0.003 -20"><span class='ocrx_word' id='word_1_315' title='bbox 34 2406 105 2435; x_wconf 82' lang='lat' dir='ltr'>tur</span> <span class='ocrx_word' id='word_1_316' title='bbox 128 2397 178 2435; x_wconf 88' lang='lat' dir='ltr'>ad</span> <span class='ocrx_word' id='word_1_317' title='bbox 201 2397 338 2437; x_wconf 87' lang='lat' dir='ltr'>simile</span> <span class='ocrx_word' id='word_1_318' title='bbox 366 2398 608 2437; x_wconf 88' lang='lat' dir='ltr'>mendarum</span> <span class='ocrx_word' id='word_1_319' title='bbox 641 2412 774 2452; x_wconf 84' lang='lat' dir='ltr'>genus</span> <span class='ocrx_word' id='word_1_320' title='bbox 806 2398 971 2438; x_wconf 88' lang='lat' dir='ltr'>minore</span> <span class='ocrx_word' id='word_1_321' title='bbox 996 2400 1175 2453; x_wconf 84' lang='lat' dir='ltr'>negotio</span> <span class='ocrx_word' id='word_1_322' title='bbox 1200 2399 1495 2454; x_wconf 82' lang='lat' dir='ltr'>detegendum.</span> 
     </span>
     <span class='ocr_line' id='line_1_40' title="bbox 32 2451 1496 2509; baseline 0.002 -18"><span class='ocrx_word' id='word_1_323' title='bbox 32 2451 223 2491; x_wconf 85' lang='lat' dir='ltr'>Primum</span> <span class='ocrx_word' id='word_1_324' title='bbox 261 2458 297 2493; x_wconf 88' lang='lat' dir='ltr'><strong><em>T</em></strong></span> <span class='ocrx_word' id='word_1_325' title='bbox 320 2464 567 2493; x_wconf 89' lang='lat' dir='ltr'>transeunte</span> <span class='ocrx_word' id='word_1_326' title='bbox 598 2455 642 2492; x_wconf 91' lang='lat' dir='ltr'>in</span> <span class='ocrx_word' id='word_1_327' title='bbox 672 2459 729 2502; x_wconf 88' lang='grc' dir='ltr'>Γ,</span> <span class='ocrx_word' id='word_1_328' title='bbox 762 2453 977 2509; x_wconf 86' lang='lat' dir='ltr'>quomodo</span> <span class='ocrx_word' id='word_1_329' title='bbox 1010 2455 1256 2494; x_wconf 83' lang='lat' dir='ltr'>creberrime</span> <span class='ocrx_word' id='word_1_330' title='bbox 1279 2464 1496 2508; x_wconf 80' lang='lat' dir='ltr'>peccatur,</span> 
     </span>
     <span class='ocr_line' id='line_1_41' title="bbox 33 2510 1497 2562; baseline 0.001 -16"><span class='ocrx_word' id='word_1_331' title='bbox 33 2517 183 2547; x_wconf 84' lang='lat' dir='ltr'>natum</span> <span class='ocrx_word' id='word_1_332' title='bbox 216 2518 280 2548; x_wconf 86' lang='lat' dir='ltr'>est</span> <span class='ocrx_word' id='word_1_333' title='bbox 311 2525 364 2549; x_wconf 85' lang='lat' dir='ltr'>ex</span> <span class='ocrx_word' id='word_1_334' title='bbox 400 2515 596 2551; x_wconf 81' lang='lat' dir='ltr'><em>METEI</em></span> <span class='ocrx_word' id='word_1_335' title='bbox 627 2514 753 2557; x_wconf 91' lang='lat' dir='ltr'>THN</span> <span class='ocrx_word' id='word_1_336' title='bbox 779 2514 1108 2552; x_wconf 86' lang='grc' dir='ltr'><strong>ΜΕΓΙΣΤΗΝ.</strong></span> <span class='ocrx_word' id='word_1_337' title='bbox 1167 2510 1366 2562; x_wconf 87' lang='lat' dir='ltr'>Deinde,</span> <span class='ocrx_word' id='word_1_338' title='bbox 1400 2526 1497 2550; x_wconf 75' lang='lat' dir='ltr'>cuni</span> 
     </span>
     <span class='ocr_line' id='line_1_42' title="bbox 35 2563 1494 2619; baseline 0.002 -18"><span class='ocrx_word' id='word_1_339' title='bbox 35 2564 163 2603; x_wconf 82' lang='lat' dir='ltr'>facile</span> <span class='ocrx_word' id='word_1_340' title='bbox 186 2563 447 2618; x_wconf 86' lang='lat' dir='ltr'>deprehendi</span> <span class='ocrx_word' id='word_1_341' title='bbox 470 2576 612 2619; x_wconf 89' lang='lat' dir='ltr'>posset</span> <span class='ocrx_word' id='word_1_342' title='bbox 635 2568 868 2605; x_wconf 85' lang='lat' dir='ltr'>orationem</span> <span class='ocrx_word' id='word_1_343' title='bbox 887 2566 1052 2617; x_wconf 82' lang='lat' dir='ltr'>labare,</span> <span class='ocrx_word' id='word_1_344' title='bbox 1085 2565 1171 2605; x_wconf 88' lang='lat' dir='ltr'>nisi</span> <span class='ocrx_word' id='word_1_345' title='bbox 1193 2565 1342 2605; x_wconf 87' lang='lat' dir='ltr'>addito</span> <span class='ocrx_word' id='word_1_346' title='bbox 1362 2566 1494 2606; x_wconf 83' lang='lat' dir='ltr'>verbo</span> 
     </span>
     <span class='ocr_line' id='line_1_43' title="bbox 36 2620 1498 2676; baseline 0.001 -18"><span class='ocrx_word' id='word_1_347' title='bbox 36 2620 275 2670; x_wconf 83' lang='lat' dir='ltr'>fulciretur,</span> <span class='ocrx_word' id='word_1_348' title='bbox 308 2621 510 2675; x_wconf 88' lang='lat' dir='ltr'>adoptare</span> <span class='ocrx_word' id='word_1_349' title='bbox 532 2626 773 2661; x_wconf 86' lang='lat' dir='ltr'>consultum</span> <span class='ocrx_word' id='word_1_350' title='bbox 798 2622 1012 2660; x_wconf 85' lang='lat' dir='ltr'>duxerunt</span> <span class='ocrx_word' id='word_1_351' title='bbox 1033 2637 1155 2676; x_wconf 89' lang='lat' dir='ltr'>quam</span> <span class='ocrx_word' id='word_1_352' title='bbox 1180 2623 1498 2676; x_wconf 69' lang='lat' dir='ltr'>interpretatio-</span> 
     </span>
     <span class='ocr_line' id='line_1_44' title="bbox 35 2677 1498 2732; baseline 0.003 -20"><span class='ocrx_word' id='word_1_353' title='bbox 35 2688 133 2714; x_wconf 83' lang='lat' dir='ltr'>nem</span> <span class='ocrx_word' id='word_1_354' title='bbox 152 2679 224 2717; x_wconf 82' lang='grc' dir='ltr'>τοῦ</span> <span class='ocrx_word' id='word_1_355' title='bbox 247 2677 347 2728; x_wconf 81' lang='grc' dir='ltr'><em>μέτει</em></span> <span class='ocrx_word' id='word_1_356' title='bbox 368 2679 412 2715; x_wconf 92' lang='lat' dir='ltr'>in</span> <span class='ocrx_word' id='word_1_357' title='bbox 440 2679 630 2731; x_wconf 78' lang='lat' dir='ltr'>margine</span> <span class='ocrx_word' id='word_1_358' title='bbox 651 2679 833 2732; x_wconf 86' lang='lat' dir='ltr'>positam</span> <span class='ocrx_word' id='word_1_359' title='bbox 858 2678 1136 2717; x_wconf 83' lang='lat' dir='ltr'>inveniebant</span> <span class='ocrx_word' id='word_1_360' title='bbox 1156 2677 1304 2728; x_wconf 75' lang='grc' dir='ltr'>ἆσκεῖς.</span> <span class='ocrx_word' id='word_1_361' title='bbox 1352 2680 1498 2731; x_wconf 75' lang='grc' dir='ltr'><em>Τέχνην</em></span> 
     </span>
     <span class='ocr_line' id='line_1_45' title="bbox 38 2731 1498 2791; baseline 0.001 -21"><span class='ocrx_word' id='word_1_362' title='bbox 38 2739 178 2770; x_wconf 82' lang='lat' dir='ltr'>autem</span> <span class='ocrx_word' id='word_1_363' title='bbox 199 2731 385 2772; x_wconf 83' lang='lat' dir='ltr'>Socratis</span> <span class='ocrx_word' id='word_1_364' title='bbox 410 2734 619 2790; x_wconf 78' lang='lat' dir='ltr'>intelligit</span> <span class='ocrx_word' id='word_1_365' title='bbox 646 2736 932 2791; x_wconf 78' lang='grc' dir='ltr'><em>παιδεραστίαν</em></span> <span class='ocrx_word' id='word_1_366' title='bbox 960 2735 1052 2775; x_wconf 84' lang='lat' dir='ltr'>sive</span> <span class='ocrx_word' id='word_1_367' title='bbox 1073 2749 1304 2789; x_wconf 83' lang='lat' dir='ltr'>puerorum</span> <span class='ocrx_word' id='word_1_368' title='bbox 1330 2735 1498 2773; x_wconf 57' lang='lat' dir='ltr'>formo«</span> 
     </span>
    </p>

    <p class='ocr_par' dir='ltr' id='par_1_8' title="bbox 90 2791 1223 2846">
     <span class='ocr_line' id='line_1_46' title="bbox 90 2791 1223 2846; baseline 0.014 -16"><span class='ocrx_word' id='word_1_369' title='bbox 90 2799 239 2832; x_wconf 54' lang='lat' dir='ltr'>Lucia...</span> <span class='ocrx_word' id='word_1_370' title='bbox 263 2798 346 2833; x_wconf 70' lang='lat' dir='ltr'>Vol.</span> <span class='ocrx_word' id='word_1_371' title='bbox 365 2801 413 2833; x_wconf 84' lang='lat' dir='ltr'>Il.</span> <span class='ocrx_word' id='word_1_372' title='bbox 1142 2791 1179 2845; x_wconf 73' lang='lat' dir='ltr'>Q</span> <span class='ocrx_word' id='word_1_373' title='bbox 1198 2806 1223 2846; x_wconf 87' lang='lat' dir='ltr'>q</span> 
     </span>
    </p>
   </div>
  </div>
 </body>
</html>
