1741 3132
447 246 508 277 m
544 243 864 277 niiinooos
902 244 1170 279 DEORUM.
1437 240 1538 286 403

294 340 306 357 5
344 343 365 358 ,Ι

77 348 120 390 οἵ
141 362 184 401 γε
212 342 288 388 οὔὸ
342 356 515 397 οψονται
547 341 755 397 ἀλλήλους.
813 345 885 384 De
915 345 1007 398 ipsa
1039 355 1178 385 autem
1198 346 1433 388 locutionis
1451 355 1538 400 πῶς

72 401 171 460 γάρς
202 403 246 440 vi
266 412 308 441 et
328 417 408 440 usu
432 401 516 442 vid.
545 401 758 440 Hemslerk.
784 400 835 439 ad
852 401 1021 441 Timon.
1043 417 1077 442 c.
1103 409 1141 446 2.
1175 403 1332 443 IlnnM.

186 458 288 498 Eacl.
311 461 338 500 1.
362 463 401 501 7.
447 451 572 499 Οὗτοι
591 459 632 499 δὲ
651 460 689 498 τί
708 474 747 499 π.
771 455 900 511 ἡμῖν)
930 458 1152 498 Invectum
1173 459 1344 499 videtur
1366 462 1474 502 illud
1498 464 1540 507 δὲ

73 517 124 556 ab
146 516 224 564 iis,
260 515 333 568 qui
354 529 440 554 non
477 514 799 567 intelligebant,
834 514 939 555 haec
971 514 1121 553 ordine
1154 517 1363 556 orationis
1383 533 1539 572 perpe..

73 583 149 613 tuo
177 571 464 623 superioribus
493 585 581 610 esse
605 569 864 610 adnectenda
879 589 906 627 ᾖ
924 570 1115 623 pendent
1138 572 1249 611 enim
1273 573 1322 610 ab
1349 574 1433 613 isto
1456 577 1538 614 ini-

73 630 163 679 tio,
194 626 299 680 πλὴν
329 625 449 678 ἀλλὰ,
483 625 611 681 ὥςπερ
646 625 719 681 ἐγώ
738 635 820 670 etc.
853 627 966 669 οὑτοι
985 629 1022 667 τί
1039 627 1284 680 ποιήσουσιν
1316 627 1434 683 liuh,-
1463 634 1539 672 ubi

72 695 205 739 patet,
238 698 386 723 vacare
407 697 579 735 prorsus
601 685 663 725 δέ·
694 683 816 722 malit
841 693 981 723 tamen
1004 684 1157 738 aliquis
1183 683 1244 737 δὴ,
1278 687 1406 737 quod,
1440 691 1540 742 quia

74 739 294 780 commode
315 739 516 792 ponitur,
549 754 688 794 neque
711 753 789 793 ego
812 741 1007 793 repudio.
1068 742 1231 779 'lVlunus
1255 743 1426 783 Dianae
1451 746 1544 783 vir-

74 798 191 852 ginis
222 795 518 836 obstetricium
547 795 661 835 haud
683 809 782 835 saue
814 798 947 849 jocis,
983 806 1024 836 et
1047 798 1331 850 asperioribus
1356 800 1540 853 quidem,

72 853 223 894 caruit.
285 852 426 892 Noster
446 866 524 904 pro
547 866 710 903 amore,
742 867 827 906 quo
851 853 1029 892 numina
1058 854 1298 893 Gentilium
1318 869 1544 912 proseque-

72 909 220 959 batur,
254 908 464 961 singulari
495 908 710 949 Junonem
743 909 879 960 ipsam
913 910 1017 948 fecit
1048 909 1132 948 hoc
1168 911 1213 948 in
1236 912 1413 964 negotio
1437 916 1544 953 salse

73 965 284 1005 ridentem
302 966 359 1005 D.
389 964 508 1003 XVI.
539 979 680 1019 neque
708 966 852 1003 Patres
885 966 1183 1005 Ecclesiastici
1213 970 1441 1020 praeterire
1467 983 1545 1022 po·

73 1032 261 1073 tuemur,
295 1021 401 1074 quin
434 1018 649 1071 officium,
685 1022 872 1061 intactae
900 1025 1067 1074 puellae
1101 1037 1270 1075 parum,
1303 1033 1350 1061 ut
1372 1025 1545 1065 videba-

73 1087 156 1128 tur,
190 1078 390 1116 decorum
410 1078 759 1131 perstringerent.
822 1079 1021 1118 Attamen
1044 1078 1172 1118 modo
1196 1089 1295 1117 nata
1318 1081 1429 1119 nibil
1455 1082 1546 1135 egit

72 1134 209 1188 prius,
244 1148 370 1187 quam
393 1132 476 1171 hoc
497 1134 650 1186 ipsum,
687 1133 810 1186 quasi
832 1137 1054 1173 salutarem
1078 1144 1208 1174 artem
1227 1136 1273 1172 in
1293 1145 1413 1177 utero
1436 1138 1546 1175 fnis-

73 1199 139 1229 set
171 1189 484 1229 commeditata.
544 1189 844 1244 Αρρῖἷοιῖονιιηι
864 1189 965 1228 audi
987 1191 1021 1232 I.
1045 1204 1086 1243 p.
1115 1197 1180 1234 13.
1217 1191 1391 1231 Latona
1422 1198 1546 1249 γεννᾷ

71 1245 235 1300 πρώτην
253 1243 470 1299 ”Αρτεμιν,
501 1242 582 1297 ὑφ’
608 1246 658 1298 ἧς
679 1253 900 1298 μαιωθεῖσα
933 1244 1105 1300 ὕστερον
1130 1245 1362 1290 Ἀπόλλωνα
1391 1251 1546 1303 ἐγέννη-

72 1316 137 1344 σε·
171 1312 372 1357 quantum
396 1316 445 1340 eo
466 1302 640 1340 nomine
661 1303 800 1341 sorori
822 1302 1020 1341 debuerit
1040 1303 1217 1355 Apollo,
1245 1303 1443 1344 adcurate
1465 1307 1545 1345 LA„

73 1359 214 1398 hanins
245 1358 449 1411 exposuit
484 1359 534 1396 Τ.
556 1358 615 1397 ΙΙ.
646 1372 688 1410 p.
713 1364 811 1401 662.
842 1358 892 1400 A.
927 1357 1059 1396 verbo
1093 1358 1266 1410 quidem
1296 1361 1544 1413 lectissimo,

71 1416 326 1469 προεκτρέχει
344 1413 415 1466 μὲν
435 1410 634 1467 ”Αρτεμις
655 1419 731 1455 τοῦ
752 1410 1040 1463 Ἀπόλλωνος,
1071 1428 1124 1452 ne
1149 1418 1238 1466 ejus
1252 1446 1264 1464 ,
1299 1429 1407 1468 quae
1423 1432 1549 1470 puer·

72 1471 187 1525 peris
211 1486 335 1524 opem
358 1478 468 1510 esset
487 1473 638 1520 latura,
665 1468 885 1509 difficilem
906 1470 1040 1509 fuisse
1061 1479 1232 1522 partum
1255 1471 1425 1511 credas:
1456 1488 1546 1513 non

73 1527 277 1567 dissentit
303 1527 460 1566 Servius
489 1535 579 1565 tum
611 1526 707 1564 aliis
737 1526 781 1564 in
804 1526 937 1574 locis,
970 1534 1061 1563 tum
1096 1524 1149 1563 ad
1167 1526 1259 1568 Ecl.
1284 1527 1451 1580 Virgilii
1467 1531 1545 1581 IV,

75 1588 142 1628 10.
166 1583 242 1622 ubi
269 1583 481 1622 Lucinam
513 1582 673 1635 accipit
702 1583 913 1630 Dianam,
947 1581 1157 1620 advocato
1186 1583 1389 1633 Terentio,
1424 1589 1547 1640 cujus

74 1650 140 1681 est
161 1640 207 1678 in
229 1639 361 1679 Andr.
385 1640 433 1677 A.
460 1639 542 1677 III.
569 1639 634 1678 Sc.
658 1644 695 1682 1.
723 1639 826 1679 Juno
846 1638 1008 1677 Lucztna
1022 1638 1098 1694 sev·
1120 1654 1256 1691 opem:
1288 1639 1334 1677 in
1359 1641 1549 1682 Comoe-

75 1696 145 1735 dia
171 1697 331 1735 Graeca
359 1694 583 1736 Menander
614 1695 678 1733 ibi
709 1704 912 1748 posuerat
930 1694 1147 1746 ”Αρτεμιν,
1183 1694 1364 1733 testibus
1385 1697 1547 1739 Donato

74 1762 115 1792 et
134 1752 374 1806 Eugraphio.
435 1752 553 1789 Haec
570 1750 674 1790 adeo
696 1751 836 1790 visum
856 1750 944 1788 fuit
966 1750 1217 1800 observare,
1250 1759 1320 1800 ut,
1353 1753 1389 1790 si
1415 1754 1543 1804 forte,

76 1821 315 1847 succurram
346 1809 520 1846 Tertia-no
547 1807 644 1845 istis
671 1806 716 1844 in
747 1807 888 1846 verbis
911 1806 952 1859 §-
977 1811 1041 1848 12.
1067 1820 1109 1859 p.
1129 1811 1199 1850 31.
1226 1820 1336 1860 quae
1362 1808 1413 1846 ad
1448 1810 1547 1847 Lu..

75 1865 223 1904 cianea
251 1863 375 1903 valde
414 1872 684 1917 congruunt:
710 1858 940 1916 Ἀφροδίτη
969 1863 1011 1903 δὲ
1034 1860 1165 1916 γάμου
1196 1867 1364 1913 πλοκαῖς
1393 1863 1546 1916 ἥδεται·

75 1918 203 1976 μάγος
223 1922 326 1963 ἐστὶν
350 1918 557 1973 ’Ἀρι-ξμς·
588 1917 810 1974 θεραπεύει
830 1916 852 1961 ὅ
878 1915 1108 1960 Ἀπόλλων.
1166 1919 1357 1958 Dianam
1381 1935 1546 1976 magam

9 2016 17 2020 .
75 1976 207 2016 fando
229 1976 322 2029 quis
350 1975 551 2015 audivit?
598 1978 792 2016 Hecaten
812 1976 847 2014 si
868 1975 1118 2027 scripsisset,
1152 1975 1266 2014 nihil
1290 1987 1394 2026 erat,
1427 1978 1546 2031 quod

74 2047 155 2073 nos
179 2044 434 2071 moraretur:
467 2034 661 2086 quamvis
686 2032 799 2072 enim
819 2046 898 2085 pro
921 2031 1065 2070 eadem
1086 2040 1307 2084 utramque
1329 2033 1545 2089 Theologi

75 2099 238 2130 veteres
269 2088 476 2135 habeant,
509 2092 690 2127 multum
713 2099 857 2127 tamen
888 2087 1027 2137 abest,
1061 2097 1111 2126 ut
1139 2089 1285 2126 munia
1307 2092 1436 2144 longe
1459 2089 1545 2129 dis-

77 2150 408 2199 paratapoetae
449 2144 610 2198 aliique
645 2145 874 2197 scriptores
911 2143 1202 2183 confundant:
1251 2145 1382 2184 simili
1416 2146 1543 2186 modo

78 2201 266 2240 Dianam
305 2201 386 2239 etsi
420 2201 588 2240 Lunam
616 2200 975 2253 interpretentur,
1018 2200 1159 2239 fuitne
1187 2209 1328 2239 tamen
1354 2215 1545 2256 unquam

78 2265 293 2310 repertus,
343 2256 418 2308 qui
446 2257 634 2295 Dianam
664 2255 952 2307 Endymionis
983 2269 1124 2293 amore
1153 2267 1318 2308 captam
1349 2258 1542 2298 dixerit?

78 2314 181 2354 Non
210 2326 275 2351 me
308 2312 443 2364 fugit,
491 2326 692 2366 quorsum
722 2311 871 2350 tendat
906 2310 1014 2351 Gisb.
1051 2311 1220 2364 Cuperus
1258 2313 1304 2350 in
1336 2314 1468 2357 Inscr.
1501 2325 1544 2355 et

79 2371 288 2409 Marmor.
317 2369 470 2408 illustr.
492 2382 535 2420 p.
558 2374 654 2411 270.
677 2367 866 2421 sedaeego,
892 2376 941 2405 ut
959 2366 1129 2420 quidem
1155 2367 1261 2405 mihi
1282 2368 1444 2418 videor,
1460 2386 1541 2410 me-

30 2462 36 2470 ,
78 2426 229 2465 liorem
255 2439 277 2462 a
300 2426 472 2463 Tatiano
504 2425 679 2478 gratiam
711 2423 853 2473 ini'oo,
889 2424 923 2461 si
945 2437 1066 2462 suum
1088 2422 1258 2463 Dianae
1278 2440 1432 2465 munus
1453 2427 1546 2467 red·

81 2481 191 2531 dam,
224 2495 386 2534 proque
409 2495 526 2532 maga
548 2480 745 2520 secundis
768 2481 902 2519 totius
929 2479 1200 2532 antiquitatis
1224 2481 1437 2536 suffragiis
1464 2484 1546 2522 ob-

83 2538 297 2576 stetricem
320 2550 409 2576 esse
429 2536 619 2589 jubeam:
651 2543 749 2588 μαῖα
767 2531 806 2577 δ’
829 2537 932 2578 ἐστὶν
950 2533 1165 2589 ’Ἄρτεμις
1198 2551 1343 2576 caussa
1371 2553 1545 2593 corrup-

83 2596 192 2632 telae
209 2593 402 2644 proxima
425 2592 735 2632 recentioribus
755 2594 970 2632 literarum
992 2611 1015 2647 y
1033 2602 1074 2630 et
1094 2609 1107 2632 ι
1127 2594 1441 2645 pronuntiatio,
1459 2610 1544 2649 quo

83 2646 228 2687 mendi
259 2662 410 2702 genere
433 2649 507 2686 vix
541 2649 629 2687 dici
658 2659 825 2701 potest,
860 2657 967 2702 quot
994 2647 1132 2686 adhuc
1163 2658 1353 2688 veterum
1373 2654 1469 2689 loca
1488 2655 1548 2689 la-

85 2704 264 2752 borent3
293 2713 341 2742 ut
371 2705 415 2741 in
450 2704 670 2759 PIesyclzio,
714 2710 866 2755 Παῖον,
899 2700 1092 2756 ἆσφαλὲς,
1122 2705 1308 2758 βέβαιον”
1349 2721 1427 2759 pro
1462 2705 1547 2747 Hc}-

86 2772 195 2816 γιον·
226 2765 354 2807 Λοῖα,
388 2757 574 2814 ὀλέθρια·
607 2775 686 2814 pro
707 2763 877 2816 Aoiycoe·
908 2755 980 2818 ἥγε
1016 2771 1057 2800 et
1076 2758 1160 2814 ἤιε,
1193 2758 1302 2815 ἀγών
1321 2772 1362 2800 et
1381 2761 1480 2804 αἰών
1503 2764 1546 2801 in

1144 2818 1178 2856 C
1197 2831 1216 2856 c
1248 2823 1275 2861 2
