1741 3132
369 245 429 276 m
464 244 773 277 n1A1,ocos
809 246 1214 284 monruonum.
1422 238 1517 284 651

69 348 155 387 sias
172 359 227 386 ex
245 344 404 385 femina
427 342 567 383 denuo
591 343 729 383 factus
749 356 810 384 est
831 360 939 397 mas,
973 347 1169 400 oportuit
1206 361 1375 402 quoque
1395 363 1523 388 mam-

67 403 228 443 marum
250 401 397 441 tubera
418 400 509 440 fieri
541 401 845 450 contractiora3
881 418 975 441 cum
1000 418 1201 444 mammae
1214 405 1369 457 potius
1394 406 1436 442 in
1460 407 1524 444 fe-

65 460 194 499 minis
219 459 304 497 sint
333 455 618 509 αποταθεῖσαι,
651 456 862 509 distentae,
894 472 1085 499 extensae.
1129 461 1280 499 Statim
1300 461 1357 502 D.
1379 461 1523 502 XXX.

67 515 285 563 ἀποταθεὶς
302 513 493 553 dicitur
482 528 540 565 is,
575 514 649 568 qui
666 525 886 568 porrectus
907 521 1036 569 jacet.
1066 512 1119 557 O
1136 517 1178 559 δὲ
1195 517 1391 572 τύραννος
1411 535 1524 571 παρα

68 572 138 616 τὸν
165 571 306 614 Τιτυὸν
327 569 546 619 ἆποταθεις
569 581 647 610 etc.
679 572 803 612 Jews.
860 569 949 614 ’Λπε
952 571 1130 625 τάκησαν
1159 572 1324 612 Graevio
1347 574 1525 612 obsecu-

67 630 103 670 ti
125 643 203 683 pro
229 624 489 680 ἆπετάθησαν
513 627 779 680 scripsimus,
810 628 958 683 quod
947 644 993 667 in
1011 629 1241 668 omnibus
1230 644 1351 682 impr.
1373 640 1413 668 et
1436 630 1521 672 Ox.

73 685 181 725 cod.
209 694 287 729 est.
327 685 495 724 somn.
569 682 697 737 Quod
729 695 826 727 ante
863 688 1082 740 vulgatum
1115 686 1226 733 fuit,
1268 685 1368 724 ferri
1401 689 1522 725 nullo

68 741 197 781 modo
220 751 372 795 potest.
438 740 623 780 Graevius
643 741 745 793 quin
769 741 886 780 felici
918 744 1161 794 conjectura
1184 741 1317 793 ipsam
1347 742 1526 781 Luciam:

66 813 214 840 vocem
240 798 374 837 fuerit
394 795 615 836 adsecutus
636 810 721 835 non
748 796 924 837 dubito:
959 811 1083 850 quam
1111 796 1166 836 ob
1199 812 1308 846 rem,
1339 798 1417 837 etsi
1445 811 1524 850 pro

69 864 272 908 corrupto
296 863 409 893 stent
432 852 529 891 libri
560 863 747 902 veteres,
783 853 1057 908 congruentis
1086 863 1226 893 tamen
1260 853 1311 892 ad
1347 865 1528 892 senten·-

65 911 168 949 tiam
192 910 312 950 verbi
337 910 546 962 potiorem
570 922 657 947 esse
684 911 889 949 rationem
909 908 1144 949 habendam
1178 909 1341 948 censui.
1406 908 1532 950 Corn-¹

68 966 167 1008 Cels.
186 966 246 1005 II.
271 981 305 1006 c.
328 971 367 1011 8.
408 965 574 1006 Mulieri
586 965 777 1018 gravidae
803 969 837 1005 si
864 966 990 1005 subito
1022 981 1214 1005 mammae
1243 976 1532 1005 emarcum-unu·

62 1024 248 1062 HEMST.
318 1023 469 1071 (Nunc
504 1031 551 1060 ut
586 1021 774 1062 dubitem
802 1023 994 1072 faciunt,
1036 1036 1143 1075 quae
1173 1036 1374 1074 perquam
1407 1022 1528 1075 inge.

63 1080 188 1118 niose
205 1092 283 1131 pro
307 1082 479 1132 vulgata
498 1079 686 1118 lectione
705 1078 878 1131 scripsit
900 1078 951 1117 ad
980 1093 1045 1116 me
1071 1078 1353 1131 politissimus
1386 1076 1528 1116 Gesne-

66 1151 156 1175 r:us
194 1145 376 1174 eummet
409 1134 545 1185 ipsum
575 1133 675 1172 audi
704 1149 893 1173 caussam
926 1134 1036 1172 hanc
1070 1142 1274 1187 agentem.
1340 1132 1527 1173 Certatim

63 1193 159 1230 viris
185 1190 313 1230 doctis
328 1190 483 1244 placuit
509 1186 787 1243 ἆπετάκησαν,
819 1189 925 1245 quod
951 1194 1030 1244 ipse
1046 1194 1127 1243 ejus
1146 1189 1371 1229 restituendi
1387 1200 1528 1228 auctor

69 1246 259 1287 Graevius
276 1250 410 1296 icrtit,
445 1257 760 1296 emarcueiffunt
794 1260 1010 1299 pannosae
1031 1247 1167 1285 factae
1186 1255 1300 1284 sunt.
1362 1246 1439 1285 Sed
1462 1246 1529 1284 Ιιὶο

63 1302 238 1342 nondum
263 1305 339 1341 viti
367 1304 570 1342 character
597 1306 688 1353 erit,
727 1320 856 1343 verum
886 1302 1037 1342 vetulae
1069 1313 1138 1340 ant
1166 1312 1357 1355 aegrotae.
1422 1301 1530 1352 Quin.

63 1359 304 1399 retinenclmn
337 1370 448 1427 puto
472 1362 721 1413 scriptionem
759 1370 999 1400 constantem
1031 1361 1227 1407 omnium,
1268 1375 1336 1412 qut
1361 1372 1535 1410 usquam„

62 1426 174 1464 sunt,
207 1414 396 1453 librorum
425 1412 712 1467 Ξτιεταῦησαν,
745 1427 944 1454 extensae
975 1425 1096 1463 sunt,
1129 1430 1207 1454 non
1233 1417 1274 1453 in
1303 1413 1531 1465 longitudi—

63 1486 150 1509 nem
174 1470 462 1522 dependentem,
494 1471 563 1510 sed
580 1475 683 1511 crati
701 1474 869 1524 pectoris
892 1474 1078 1519 intentae,
1109 1481 1152 1508 ut
1174 1470 1276 1509 nihil
1292 1471 1349 1508 ibi
1368 1469 1534 1518 laxum,

65 1526 168 1565 nihil
185 1526 357 1579 pendens
380 1527 667 1581 relinqueretur
730 1528 794 1566 Im
828 1526 943 1565 collis
972 1524 1240 1574 ἀποτείνεται,
1273 1529 1351 1565 sive
1379 1534 1533 1563 exten-

65 1580 207 1632 ditur,
251 1597 339 1621 cum
368 1581 452 1621 solo
484 1594 698 1637 aequatur·
726 1599 981 1637 unaquaeque
1008 1585 1110 1621 enim
1138 1582 1243 1622 linea
1273 1597 1411 1631 curva,
1449 1584 1531 1619 sive

64 1653 182 1678 arcus
205 1638 525 1678 circumscribens
543 1638 683 1678 collem
714 1639 827 1679 illum
855 1638 1080 1677 eac-tenditur
1088 1669 1100 1687 ,
1133 1641 1237 1694 etfit
1263 1649 1393 1689 recta5
1431 1648 1531 1676 certe

63 1693 120 1733 ad
141 1705 286 1733 rectam
303 1696 431 1746 magis
465 1695 630 1735 accedit.
692 1696 810 1734 Haec
842 1696 936 1733 ille·
970 1695 1123 1748 quibus
1159 1698 1194 1732 si
1223 1694 1383 1733 vetusti
1417 1693 1534 1730 scri-

63 1749 204 1802 ptoris
228 1749 279 1789 ad
297 1763 420 1787 usum
445 1763 538 1788 eum
560 1751 677 1789 verbi
698 1747 987 1792 ἄποτείνεσθαι
1016 1750 1268 1788 firmandum
1298 1748 1532 1787 auctoritas

69 1804 328 1852 accederet,
317 1819 399 1858 jam
420 1805 585 1845 sublata
611 1808 721 1846 foret
742 1807 879 1846 omnis
905 1806 1133 1844 dubitandi
1154 1820 1314 1844 caussa.
1347 1807 1534 1849 Hmsr,

67 1864 110 1901 in
130 1861 245 1901 Add.
259 1865 277 1911 )
336 1856 549 1900 Defendit
575 1866 789 1930 vulgatam
820 1864 947 1901 etiam
970 1862 1189 1902 Elsnezus
1177 1877 1220 1900 in
1244 1861 1393 1903 Sched
1424 1861 1536 1900 Criu·

63 1932 104 1971 p.
128 1922 194 1961 94.
229 1919 382 1958 Verum
403 1926 451 1954 ut
468 1918 694 1957 concedam
707 1917 970 1970 απεταθησαν
986 1922 1027 1960 οἵ
1046 1921 1190 1971 μαστοὶ
1211 1915 1528 1971 quodammodo

66 1973 193 2012 etiam
216 1973 269 2013 ad
292 1973 332 2011 h.
356 1975 383 2011 1.
404 1982 500 2025 apte
522 1975 727 2027 explicari
752 1989 897 2029 posse,
930 1985 1070 2014 tamen
1091 1974 1136 2012 id
1169 1974 1351 2013 maxime
1384 1972 1530 2011 ambi—-

67 2043 148 2083 gue
173 2029 284 2069 foret
305 2029 463 2067 dictum
477 2061 488 2078 ,
523 2045 649 2084 quum
670 2032 841 2083 proprie
861 2031 1147 2073 ἄποτείνεσθαι
1170 2029 1220 2069 de
1239 2029 1428 2068 mammis
1453 2042 1531 2068 ca·-

66 2095 188 2138 ptum
221 2084 530 2139 cogitationem
558 2085 713 2125 efficiat
742 2088 829 2137 illi,
877 2102 984 2141 quae
1016 2087 1100 2125 huc
1136 2087 1361 2137 convenit,
1404 2088 1531 2137 plane

68 2142 324 2194 oppositam.
385 2141 527 2192 Atque
546 2142 641 2181 talis
662 2143 916 2207 ambiguitas
937 2154 1025 2181 tum
1050 2143 1230 2189 maxime
1254 2141 1429 2180 vitanda
1448 2150 1528 2191 est,

8 2234 9 2237 ,
65 2197 144 2234 ubi
166 2197 216 2237 de
234 2211 277 2236 re
298 2197 440 2251 agitur
460 2196 575 2235 haud
598 2199 779 2252 vulgari,
808 2201 893 2238 imo
917 2214 1046 2250 paene
1066 2208 1328 2263 portentosa,
1360 2207 1408 2236 ut
1429 2196 1472 2236 11.

7 2258 10 2271 ³
66 2252 195 2292 Unde
215 2267 301 2292 non
326 2262 514 2305 poteram
535 2268 621 2292 non
646 2256 849 2294 adsentiri
874 2255 1135 2303 Sclzmiedcro‚
1150 2254 1226 2308 qui
1248 2268 1270 2293 e
1293 2253 1387 2293 cod.
1403 2256 1536 2297 2954÷

69 2308 274 2348 suadente
292 2308 433 2348 Belino
468 2309 641 2362 recepit
663 2307 1002 2364 ἀπεσπάσθησαν,
1038 2325 1145 2364 quae
1176 2309 1345 2349 forma
1333 2324 1377 2347 m
1400 2313 1534 2354 2956-

70 2364 242 2403 transiit
278 2365 322 2403 in
361 2362 660 2418 ἆπεστάτησαν,
711 2377 752 2406 et
783 2367 887 2406 hinc
922 2378 1135 2420 postremo
1180 2367 1339 2404 factum
1373 2363 1531 2408 ἐπετά-

68 2427 216 2472 θησαν.
286 2421 552 2490 Quamquam
585 2432 627 2460 et
656 2419 928 2477 οἷτεστάτησαν
963 2423 1092 2462 lectio
1124 2431 1185 2461 est
1215 2421 1328 2459 haud
1356 2422 1533 2474 inepta·

68 2477 354 2525 abscesserunt,
388 2474 722 2531 ἀπεχωρίσθησαν
738 2479 970 2517 secundum
993 2479 1094 2517 Saia7
1081 2495 1170 2527 amn
1211 2477 1401 2516 Omnino
1427 2491 1533 2516 con..

71 2532 394 2585 tulissejuvabit
420 2532 750 2586 descriptionem
763 2545 948 2574 mutatae
970 2533 1186 2574 feminae'
1175 2548 1222 2571 m
1244 2547 1396 2573 marem
1409 2533 1533 2586 aputl

75 2585 190 2629 Ovicl.
211 2590 385 2630 Metam.
412 2589 487 2640 IX,
505 2593 602 2633 785.
627 2604 686 2657 sq
726 2591 884 2630 LmrM.

181 2642 889 2704 Ρα3.247.1.1.Οποτ’ἆκούσῃς
912 2645 1034 2698 ὄρνεα
1059 2649 1103 2690 ἐκ
1122 2664 1324 2718 yvvcctumv
1344 2644 1528 2711 ἕχένομτό

70 2715 194 2749 τινες;
210 2704 224 2749 )
256 2702 530 2770 Perspicuum
549 2711 634 2752 est,
668 2701 740 2741 hic
765 2693 1031 2743 intercidisse
1058 2702 1110 2752 ὦς
1134 2703 1241 2743 vel
1225 2704 1309 2747 ότι·
1341 2702 1528 2755 requiri-

71 2763 140 2794 tur
161 2755 288 2807 euim,
320 2753 434 2800 ὁπότ’
455 2755 507 2801 ἂν
528 2755 705 2812 ἀκούσῃς
725 2755 780 2811 οἷς
797 2761 895 2814 (vel
913 2758 1037 2816 ὅτι)’
1024 2758 1147 2817 όο-νεα
1165 2762 1209 2807 ἐκ
1227 2763 1427 2817 γυναικῶν
1447 2757 1509 2813 εἷ’
1483 2775 1526 2798 ε-
