1741 3085
196 161 298 209 598
553 174 1300 212 ADNOTArioan

312 269 411 323 Pag.
437 273 530 315 215.
548 273 576 308 l.
595 274 633 312 9.
666 268 981 324 Προσπτύξομαί
1004 289 1047 326 γε
1074 269 1236 322 πάντως
1265 270 1502 329 ἀνδρογύνῳ
1536 272 1645 328 ὄντι)

200 326 299 367 Vid.
313 327 475 378 Catapl.
490 341 525 365 e.
543 330 607 369 12.
621 327 740 364 Asin.
765 342 797 366 c.
811 333 876 371 56.
890 338 932 366 et
944 328 1127 368 Conviv.
1148 344 1181 368 c.
1195 335 1261 374 33.
1286 330 1440 370 etNot.
1454 333 1506 369 cl.
1526 330 1647 370 Hem·

200 384 349 423 sierlms
394 384 569 421 Eoum).
632 383 887 422 cunctarum
908 384 1238 424 membranarum
1261 395 1388 438 atque
1406 385 1498 427 edd.
1519 388 1647 426 lectio

202 440 313 477 nulli
332 438 592 477 eruditorum
617 439 905 492 suspicionem
924 441 1022 479 vitii
1044 442 1252 494 praebuit.
1311 442 1541 481 Ostendam
1562 443 1649 494 pri-

202 509 315 534 mum
348 497 552 532 maculam
584 496 629 533 in
661 509 710 535 eo
742 496 869 535 verbo
900 498 1190 537 manifestam:
1233 508 1321 536 tum
1350 497 1478 535 unius
1501 498 1649 537 literae

200 550 440 589 mutatione
474 550 677 590 sinceram
711 561 978 606 veteremque
1005 554 1254 607 scripturam
1285 567 1483 593 revocare
1524 568 1649 592 cona·

201 605 301 645 bor:
334 605 537 644 hactenus
561 608 671 645 enim
691 608 800 646 nihil
825 609 911 648 fuit
932 609 1141 659 oblatum,
1175 609 1290 662 quod
1311 624 1330 648 a
1352 609 1534 663 pristina
1553 623 1651 648 con·

200 664 363 714 jectura
406 661 609 702 dissidere
645 678 709 702 me
739 672 876 719 cogat.
950 666 1073 720 Nego
1103 665 1274 704 verbum
1317 665 1424 704 illud
1453 664 1653 704 Medium

200 714 552 770 προςπτύσσεσθαι
569 723 635 758 vel
654 718 981 773 προςπτύξασθαι
1007 736 1058 761 ex
1080 721 1256 774 ingenio
1277 721 1451 774 linguae
1473 722 1657 761 Graecae

201 783 315 812 recte
346 775 511 814 Dativo
549 777 776 830 conjungi:
808 776 853 814 id
883 778 1044 817 Budaeo
1075 777 1244 831 quidem
1277 787 1319 815 et
1340 777 1536 830 Stephano
1568 777 1656 816 fuit

201 842 473 881 persuasum,
516 830 588 870 sed
621 831 702 870 hoc
729 836 821 871 solo
852 834 1027 873 Luciani
1052 835 1147 872 loco
1174 833 1384 885 deceptis:
1428 833 1657 886 genuinam

202 893 442 924 structurae
461 887 670 926 rationem
694 887 811 925 dabit
830 889 972 928 Noster
991 889 1108 927 Dial.
1123 890 1180 926 D.
1195 889 1296 928 VII.
1321 888 1358 942 ξ.
1371 895 1410 932 3.
1431 886 1658 942 τῆς-Ἀφρο-

203 942 314 992 δίνης
332 941 403 993 μὲν
428 940 498 983 τὸν
527 941 666 984 κεστὸν
690 945 828 996 ἔκλεψε
850 945 1201 998 προςπτυξαμὲνης
1232 940 1356 985 αὐτὸν
1383 945 1446 986 ἐπὶ
1474 950 1524 1000 τῇ
1548 948 1655 1002 νίκῃ·

203 1008 423 1047 :nunquam
465 998 589 1037 aliter
628 999 848 1051 Homerus,
908 1000 1112 1053 Euripides
1165 1000 1377 1052 ceterique
1417 1001 1656 1052 scriptores.

204 1052 359 1092 Achill.
388 1054 477 1092 Ται.
503 1053 554 1094 V.
575 1069 617 1107 p-
638 1059 731 1101 295.
761 1053 1109 1109 προςπτυξάμενός
1134 1073 1179 1108 με
1209 1055 1332 1097 πολλοὶ
1361 1057 1498 1107 ἐφίλει.
1558 1057 1660 1095 Non

205 1106 429 1146 dissimilis
457 1118 520 1149 est
551 1123 695 1150 caussa
728 1112 847 1152 verbi
876 1112 1202 1167 περιπτύξασθαι.
1262 1111 1381 1150 Idem
1404 1127 1444 1165 p.
1468 1117 1563 1156 303.
1595 1113 1663 1154 καὶ

204 1160 276 1204 τόν
297 1181 338 1205 τε
358 1168 548 1206 Κλεινίαν
572 1167 921 1220 περιπτύσσονται·
953 1184 1049 1206 nam
1081 1167 1197 1220 quod
1220 1167 1294 1206 lib·
1321 1168 1399 1211 IV.
1424 1181 1465 1220 p.
1487 1173 1582 1211 241.
1603 1170 1664 1208 le-

206 1219 344 1272 gitur,
375 1219 451 1274 ἐγώ
480 1223 819 1276 περιπτυξάμενος
847 1222 950 1280 αὐτῇ
980 1222 1124 1275 δεσμός
1143 1225 1300 1277 ἔσομαι,
1333 1224 1390 1261 ita
1414 1223 1666 1276 capiendum

209 1284 293 1314 est:
326 1276 536 1329 amplexus
563 1280 712 1319 vinculi
740 1279 859 1321 modo
887 1283 963 1334 ipsi
992 1279 1231 1319 adhaerebo:
1272 1279 1523 1318 adtendenti
1542 1281 1668 1332 copia

210 1335 525 1383 exemplorum,
560 1334 718 1387 quibus
744 1335 1147 1386 hoc-confirmetur,
1179 1335 1344 1388 ubique
1367 1344 1580 1376 occurret:
1613 1350 1667 1376 ne

211 1386 310 1439 quis
336 1396 475 1426 tamen
509 1389 554 1427 in
585 1390 776 1430 fraudem
802 1391 989 1439 incidat,
1023 1391 1059 1430 si
1085 1392 1199 1430 forte
1225 1390 1428 1444 repererit
1454 1405 1670 1444 περιπτυσ-

211 1437 385 1493 σόμενον
414 1447 470 1497 τῷ
490 1444 734 1495 πεπονθότι,
765 1450 820 1500 τῷ
848 1444 1067 1499 πεπληγότι
1095 1445 1206 1502 τόπῳ
1236 1446 1350 1499 apud
1371 1447 1670 1500 Dioscoridem5

211 1500 278 1538 δεῖ
306 1496 377 1549 μὲν
407 1499 483 1551 γὰρ
505 1496 559 1546 ὥς
583 1501 643 1540 ἔνι
668 1501 835 1551 μάλιστα
861 1500 1198 1555 περιπτύσσεσθαι
1228 1507 1285 1557 τῷ
1308 1505 1594 1558 λαμβανομένῳ
1625 1502 1671 1546 τὸ

211 1552 444 1606 λαμβάνον,
480 1553 617 1594 Galen.
640 1555 690 1595 de
722 1557 798 1596 Us.
827 1558 936 1597 Part.
962 1557 1090 1610 Corp.
1112 1557 1241 1597 Hum.
1264 1557 1340 1597 lib.
1367 1558 1401 1596 I.
1432 1563 1558 1600 σῦκον
1585 1566 1672 1608 ταῖς

211 1613 291 1650 τῶν
320 1610 542 1662 βρωμάτων
570 1609 744 1659 ἀδικίαις
772 1611 1140 1664 περιπτυσσόμενον
1168 1612 1319 1653 Julian.
1345 1614 1425 1665 Ep.
1443 1614 1604 1655 XXIV.
1626 1629 1666 1668 p.

210 1669 309 1709 391.
333 1665 381 1703 C.
400 1666 636 1719 similisque
654 1667 770 1706 modi
790 1672 924 1721 plura,
955 1667 1198 1708 recordetur
1218 1668 1320 1707 haec
1342 1670 1478 1707 forma
1501 1670 1670 1722 passiva

211 1720 412 1773 proferri,
445 1723 708 1777 multumque
728 1723 833 1763 adeo
858 1723 1013 1763 distare
1037 1723 1087 1762 ab
1108 1737 1189 1761 usu
1210 1723 1331 1762 verbi
1347 1723 1504 1764 Medii.
1554 1727 1670 1781 Ergo

213 1775 441 1816 Lucianum
460 1787 507 1816 ut
524 1777 750 1818 liberemus
769 1779 987 1818 indecenti
1010 1779 1217 1818 orationis
1240 1781 1672 1830 structura,reficien—

215 1830 315 1869 dum
339 1843 402 1871 est
426 1833 723 1874 emendatione
744 1837 932 1888 proclivi
955 1834 1280 1889 προςπτύσομαι,
1313 1838 1402 1886 vel,
1434 1838 1471 1875 si
1493 1837 1588 1891 quis
1610 1838 1673 1876 fa-

214 1886 440 1927 stidiosior
462 1889 701 1931 offendatur
718 1891 802 1930 hoc
830 1892 980 1930 futuro
1009 1891 1173 1939 medio,
1215 1892 1407 1944 quamvis
1442 1906 1533 1932 eam
1563 1892 1673 1932 diffi-

215 1946 417 1981 cultatem
438 1959 525 1984 non
543 1947 686 1999 magni
713 1947 889 1997 faciam,
921 1944 1161 2001 προςπτύσω
1191 1948 1262 2000 μὲν
1285 1965 1329 2002 γε
1350 1945 1509 1997 πάντως
1528 1947 1676 2006 ἀνδρο-

215 1996 327 2051 γύνῳ
346 1999 442 2041 ὄντι.
503 2002 683 2040 Gravem
712 2002 839 2043 habet
871 2003 1193 2054 contumeliam,
1225 2003 1573 2058 acerbissimique
1591 2019 1675 2045 no-

216 2062 301 2091 tam
318 2064 557 2096 contemtus
579 2060 876 2113 plerorumque
888 2062 1148 2112 populorum
1160 2058 1347 2098 moribus
1366 2059 1608 2114 πρὸςπτῦειν
1618 2078 1674 2103 τι·

215 2109 283 2159 vi,
313 2128 357 2152 os
375 2111 498 2152 alicui
517 2129 743 2167 conspuere,
777 2129 859 2168 qua
882 2114 933 2155 de
953 2130 997 2155 re
1016 2115 1191 2167 copiose
1211 2114 1352 2155 Barth.
1385 2115 1438 2154 ad
1465 2116 1674 2157 Claudiam

216 2166 322 2208 Pan.
345 2168 390 2205 in
402 2167 477 2208 IV.
501 2169 630 2209 Cons.
647 2171 811 2213 Honor.
835 2176 978 2215 v.404.
999 2181 1041 2210 et
1061 2170 1424 2217 Commentatores
1446 2171 1499 2211 ad
1518 2172 1590 2212 illa
1602 2173 1677 2216 Pe-

218 2227 339 2262 ironii
360 2238 395 2263 c,
408 2227 528 2277 75·p.
544 2231 641 2270 373.
663 2227 708 2267 Si
716 2227 813 2282 quic]
820 2243 1020 2283 perperam
1031 2226 1136 2284 feci,
1158 2227 1364 2283 infaciem
1383 2244 1507 2267 meam
1525 2230 1671 2283 inspue.

222 2277 410 2330 Sophocl.
432 2281 531 2319 Ant.
556 2297 595 2321 v.
622 2287 743 2327 1246,
777 2286 939 2333 Πτύσας
960 2279 1181 2337 προςώπῳ·
1213 2283 1290 2321 ubi
1310 2282 1410 2322 vide
1439 2283 1573 2324 Schol.
1603 2285 1673 2329 Ex

222 2332 426 2386 Hyperide
444 2337 570 2387 ponit
592 2339 697 2380 Poll.
718 2340 841 2392 VIII,
859 2345 928 2384 76.
961 2341 1071 2378 inter
1089 2339 1273 2392 injuriae
1295 2353 1368 2392 pet
1390 2339 1672 2393 ignominiam

224 2387 367 2428 illatae
397 2393 625 2444 voeabula,
666 2405 832 2448 praeter
861 2394 907 2438 τὸ
942 2396 1211 2446 κονδυλίζειν,
1252 2395 1322 2434 cui
1352 2394 1578 2433 finitimum
1608 2403 1673 2433 est

222 2444 390 2493 πατάξαι
419 2448 517 2489 κατὰ·
545 2450 714 2505 κόῤῥης,
753 2450 857 2507 πρὸς
889 2450 934 2494 τὸ
961 2450 1178 2506 πρόςωπον
1206 2447 1461 2506 προςπτὺειν.
1517 2450 1674 2491 Junxit

226 2499 436 2542 Musoni...-
458 2505 570 2559 aptgd
591 2508 702 2548 Stob.
732 2523 776 2562 p.
811 2512 904 2552 169.
944 2511 1262 2561 λοιδορηθῆναι,
1305 2504 1335 2559 ἢ
1359 2510 1577 2560 πληγῆναι,
1609 2507 1672 2559 ἔμ-

226 2562 480 2609 πτυσθῆναι·
512 2560 569 2603 ὧν
596 2562 641 2606 τό
667 2562 965 2618 χαλεπώτατον,
1006 2562 1176 2616 inquit,
1208 2572 1251 2601 et
1275 2565 1366 2614 jure
1395 2561 1590 2615 quidem,
1622 2570 1674 2599 ut

227 2610 352 2651 nobis
374 2614 570 2669 videtur,
603 2621 791 2674 optimo,
821 2619 975 2676 πληγή·
1009 2632 1190 2675 quorum
1209 2615 1365 2674 ὕβρεως
1387 2617 1552 2674 γραφὴν
1573 2615 1674 2673 Υρᾶ·
