1741 3085
224 219 322 268 578
567 219 1325 272 Annorss‘rloxzs

224 326 435 384 superbia.
490 321 692 362 Arrianus
722 317 866 359 eodem
898 319 981 358 hoc
1002 332 1103 359 usus
1134 318 1262 360 verbo
1284 317 1383 359 VII.
1406 332 1443 360 c.
1467 323 1506 364 8.
1527 317 1682 359 Mace-

228 387 356 425 dones
381 377 533 423 οὕκουν
556 382 649 432 σιγῇ
676 378 826 430 ἔχοντες
851 378 1138 430 ἐκαρτέρησαν,
1171 373 1270 418 ἀλλὰ
1292 375 1444 425 πάντας
1464 374 1539 430 γὰρ
1561 374 1680 417 ἀπαλ-

226 439 378 485 λάττειν
393 442 463 490 τῆς
487 440 668 489 στρατιᾶς
688 435 935 485 (στρατείας)
956 435 1138 475 ἐκέλευον
1152 465 1162 483 ,
1194 429 1315 475 αὐτὸν
1336 434 1377 475 δὲ
1398 431 1494 486 μετὰ
1514 437 1586 474 τοῦ
1607 448 1680 474 πα-

226 496 318 552 τρὸς
349 490 647 548 στρατεύεσθαι”
692 488 763 533 τὸν
781 487 984 544 ’Ἄμμωνα
1021 489 1071 543 δὴ
1100 494 1157 546 τῷ
1181 487 1284 546 λόγῳ
1319 490 1680 545 ἐπικερτομοῦντες.

225 555 408 595 ΗΕΜεΤ.

340 606 443 647 Εαιῐ.
468 610 497 645 1.
522 610 587 648 10.
622 608 715 646 Πᾶν
743 601 819 658 γὰρ
851 600 978 645 ἐδόκει
1007 600 1160 654 ἐνδεὲς)
1189 602 1382 642 Mentem
1400 601 1576 642 Luciam:
1595 615 1682 640 non

228 672 432 718 ceperunt
461 664 733 714 interpretes,
765 659 808 697 in
831 658 897 697 his
918 657 1078 709 verbiS‚
1111 663 1193 699 πᾶν
1216 656 1289 713 γὰρ
1314 655 1442 701 ἐδόκει
1461 658 1588 705 ἐνδεὲς
1605 655 1685 699 ὖπό

225 727 328 763 ,θεοῦ
345 722 529 774 γίνεσθαι
545 720 708 763 δοκοῦν,
732 729 839 769 quae
861 716 920 754 sic
945 725 1044 753 sunt
1068 713 1404 766 interpretanda:
1441 713 1565 753 Omne
1585 715 1687 752 enim

227 778 271 817 id
289 775 441 816 videtur
460 776 610 824 minus,
642 771 748 826 qnod
774 787 799 809 α
818 773 900 810 Deo
926 769 1094 811 creditur
1111 773 1206 824 geri.
1267 769 1410 819 Dixit,
1442 768 1485 808 id
1508 772 1686 808 multum

229 831 447 872 imminuit
466 830 645 884 gloriam
664 838 778 866 tuam
794 837 835 866 et
848 842 912 866 res
926 836 1080 880 gestas,
1095 826 1192 880 quia
1214 825 1463 867 venditabas
1487 836 1529 865 te
1540 824 1685 865 Deum

229 903 342 938 esse,
376 901 451 926 seu
483 885 572 924 Dei
605 884 753 922 filium.
812 882 864 920 Id
890 883 1024 930 enim,
1059 881 1173 934 quod
1201 896 1223 920 a
1253 883 1352 921 Deo
1378 882 1468 935 geri
1499 879 1687 920 creditur

231 953 378 984 contra
409 941 628 991 homines,
661 941 760 992 quia
781 940 903 977 Deus
935 939 1076 977 omnia
1107 947 1270 989 potest,
1304 947 1346 975 et
1377 940 1504 992 longe
1525 935 1688 975 viribus

232 999 421 1040 omnium
442 996 665 1036 hominum
684 1004 746 1033 est
766 994 1012 1047 potentior,
1045 1007 1131 1032 non
1151 995 1260 1032 tanti
1287 992 1455 1032 faciunt
1476 991 1686 1039 homines,

228 1070 307 1094 nec
334 1062 489 1107 putant
508 1052 661 1090 virtuti
690 1049 1014 1088 adscribendum
1029 1082 1038 1098 ‚
1071 1048 1141 1088 sed
1163 1049 1382 1101 potentiae
1405 1047 1576 1086 divinae
1595 1060 1689 1086 om·-

229 1111 357 1150 nibus
374 1108 574 1147 humanis
594 1105 748 1157 opibus
770 1105 933 1157 majori.
995 1105 1198 1145 Verrunt:
1231 1105 1338 1143 Nam
1358 1105 1428 1142 etsi
1446 1104 1539 1142 haec
1560 1118 1585 1141 a
1605 1102 1690 1141 Deo

224 1169 309 1221 geri
325 1165 557 1210 viderentur,
588 1164 679 1201 Diis
695 1172 824 1200 tamen
842 1160 957 1212 longe
973 1160 1164 1215 infiriora
1183 1176 1295 1213 agere
1312 1162 1416 1199 visus
1433 1176 1481 1200 es.
1539 1157 1690 1208 VideS,

230 1236 355 1276 quam
372 1223 494 1259 male.
527 1219 704 1257 GnAEv.
764 1218 1021 1267 Interpretes
1039 1216 1192 1255 merito
1215 1215 1440 1269 castigavit
1453 1214 1514 1256 Jo.
1526 1213 1692 1253 Freins-

229 1279 376 1317 lzemius
395 1275 445 1314 ad
476 1273 580 1314 Curt.
603 1274 680 1324 IV,
703 1277 744 1322 7,
765 1278 832 1317 30.
853 1271 940 1321 ubi,
971 1270 1126 1324 positis
1146 1271 1322 1311 Luciani
1341 1270 1495 1318 verbis,
1520 1278 1691 1308 monet:

231 1334 396 1373 Sensum
416 1346 496 1370 non
518 1340 696 1383 ceperunt
725 1331 972 1381 interpr-eies5
1005 1338 1059 1367 est
1077 1338 1205 1367 autem
1231 1327 1320 1368 hic.-
1352 1324 1557 1381 quicquid
1578 1323 1692 1365 enim

230 1388 373 1442 egisti,
407 1386 452 1424 id
477 1399 616 1435 omne,
636 1384 844 1439 siquidem
864 1392 912 1421 ut
933 1397 955 1420 a
970 1383 1067 1422 Deo
1087 1393 1248 1437 gestum
1268 1382 1478 1423 aestimari
1497 1379 1690 1431 debebat,

230 1443 526 1496 imperfectum
553 1442 764 1493 longeque
786 1439 896 1476 infra
928 1437 1180 1491 dignitatem
1206 1438 1392 1490 positum
1427 1436 1690 1477 censebatur.
1727 1443 1729 1445 ’

230 1499 282 1539 Et
297 1508 404 1551 patet
428 1498 553 1535 ratio:
585 1511 677 1533 nam
704 1493 754 1533 ab
778 1494 931 1532 homine
951 1495 1078 1532 victas
1105 1510 1184 1532 esse
1213 1496 1409 1543 nationes,
1442 1502 1693 1546 expugnatas

229 1555 364 1603 urbes,
396 1566 524 1590 eversa
550 1552 715 1603 imperia
744 1551 780 1587 si
808 1564 961 1596 narres,
993 1547 1154 1602 91ιίἶίὂεί
1179 1549 1359 1603 profecto
1389 1549 1575 1597 censebit,
1608 1561 1694 1586 eum
1720 1552 1722 1554 ’

231 1610 425 1649 bominem
452 1609 552 1645 inter
584 1617 727 1644 ceteros
759 1603 1012 1643 eaecelluisse:
1052 1614 1095 1641 at
1122 1606 1158 1642 si
1179 1604 1283 1654 Deo,
1315 1602 1379 1642 vel
1406 1605 1521 1642 etiam
1553 1601 1693 1654 angelo

230 1665 402 1713 tribuas,
435 1677 547 1700 nemo
575 1672 674 1700 certe
691 1674 923 1712 magnopere
940 1657 984 1697 id
1011 1659 1238 1708 mirabitur,
1271 1674 1360 1698 cum
1391 1672 1521 1696 omnes
1547 1661 1691 1706 sciant,

228 1723 369 1759 nullas
397 1732 485 1757 esse
507 1716 728 1756 homiuum
755 1714 954 1753 adversus
974 1713 1095 1753 Deos
1116 1715 1250 1765 vires,
1282 1724 1324 1752 ut
1354 1712 1527 1768 loquitur
1548 1712 1693 1754 Iastia.

228 1776 296 1828 II,
329 1781 404 1824 12,
441 1778 504 1816 10.
548 1773 730 1811 Hnmsw.

343 1831 443 1883 Pag.
465 1832 556 1872 198.
583 1830 613 1866 l·
634 1832 670 1871 1.
706 1824 916 1882 ’'Aoovov)
944 1825 1117 1879 ’Ἀορνιν
1151 1824 1238 1866 Ms.
1271 1839 1360 1866 non
1403 1823 1579 1880 ἄορνον,
1617 1822 1692 1865 sed

231 1894 415 1939 utroque
437 1883 564 1923 modo
595 1883 802 1936 scriptum
837 1882 919 1921 hoc
947 1881 1200 1921 vocabulum
1225 1881 1438 1932 inveniri,
1469 1891 1511 1921 et
1538 1881 1583 1919 in
1610 1894 1693 1919 usu

232 1955 336 1992 esse,
361 1940 510 1980 docuit
527 1939 755 1979 Eustathius
772 1938 824 1977 ad
837 1937 1304 1992 DionysiumPeriegeten.
1337 1938 1513 1977 GnAssv.
1561 1932 1692 1991 '‘Aoo-

231 2014 300 2039 νιν
330 1997 457 2036 etiam
485 1996 532 2037 P.
562 2004 605 2035 et
633 1994 689 2035 L.
720 1994 906 2041 habent;
940 1992 1013 2033 sed
1040 1993 1162 2033 aliter
1192 1993 1322 2032 ceteri
1354 2003 1442 2032 tum
1472 1992 1566 2043 hic,
1600 2002 1690 2032 tum

232 2053 426 2092 Hermot.
455 2066 492 2092 c.
517 2055 558 2094 4.
587 2059 630 2090 et
657 2049 786 2090 Rhet.
811 2050 954 2090 Praec.
987 2048 1022 2102 ξ.
1043 2053 1084 2092 7.
1125 2049 1294 2089 somn.
1356 2050 1485 2089 Tzetz.
1519 2048 1573 2087 ad
1606 2049 1690 2099 Ly-

234 2109 368 2161 coplzr.
388 2123 428 2147 v.
446 2111 542 2150 704.
603 2105 700 2144 vid.
727 2104 779 2144 ad
807 2104 932 2147 Rhet.
952 2105 1091 2145 Praec.
1117 2107 1149 2158 §-
1169 2110 1207 2148 7.
1267 2105 1409 2143 Multa
1443 2103 1494 2143 de
1525 2103 1604 2142 hac
1623 2117 1690 2143 ce·

230 2163 451 2204 leberrima
488 2171 609 2215 petra
651 2164 925 2199 contulerunt
951 2159 1136 2200 Raderus
1159 2171 1201 2199 et
1226 2161 1462 2201 Freinshem.
1488 2158 1542 2199 ad
1579 2159 1686 2200 (ἕατ’-ἰ.

231 2218 361 2265 VIII,
383 2224 456 2267 11,
480 2223 519 2262 2.
536 2216 614 2255 ubi
644 2215 756 2256 inter
772 2218 942 2257 Aer-non
970 2226 1012 2256 et
1031 2218 1191 2256 Aornin
1213 2215 1393 2256 Codices
1420 2230 1507 2256 non
1529 2215 1686 2264 minus,

234 2287 357 2327 quam
376 2274 484 2313 editi
506 2272 630 2321 libri,
653 2270 875 2311 fluctuant.
936 2272 1112 2312 Herculi
1133 2282 1272 2312 autem
1294 2271 1541 2326 Liberoque
1561 2284 1685 2323 saepe

232 2330 419 2368 conferri
446 2327 758 2379 Alexandrum,
792 2327 962 2368 docebit
987 2327 1099 2368 idem
1126 2328 1360 2368 Freinshem.
1391 2326 1445 2366 ad
1480 2326 1584 2369 Cur-t.
1603 2325 1682 2378 IX,

231 2388 275 2433 2.
306 2388 372 2427 29.
403 2385 585 2423 HEMST.
823 2386 827 2388 “

346 2440 451 2479 ΕαιΖ.
472 2443 502 2478 1.
516 2446 555 2483 6.
585 2442 751 2495 Συνῇς)
781 2441 842 2480 F1.
867 2443 1029 2480 nullum
1054 2440 1303 2494 subscripsit
1318 2443 1423 2495 jota,
1456 2436 1571 2492 quod
1595 2452 1685 2477 om-
1730 2476 1741 2481 ,

235 2508 309 2533 nes
328 2496 669 2548 reliquaecitius‚
704 2509 825 2548 quam
847 2496 1084 2551 oportebat,
1116 2497 1417 2550 adripuerunt:
1448 2507 1588 2532 verum
1612 2493 1682 2532 ad·-

235 2548 372 2588 denda
394 2551 533 2589 fuerat
551 2551 673 2590 litera
695 2565 771 2604 per
800 2552 998 2606 injuriam
1023 2552 1190 2593 vicinae
1207 2551 1358 2590 similis
1380 2548 1534 2588 extrita
1560 2546 1682 2602 συνή-

235 2619 307 2662 σῃ,
336 2616 387 2643 ut
404 2603 554 2659 γνώσῃ,
584 2605 841 2665 ἆπομαθήσῃ.
881 2609 1062 2651 HEMST.
1121 2606 1332 2646 Usitatior
1359 2613 1422 2645 est
1442 2605 1574 2643 forma
1595 2605 1681 2643 Fu.

236 2661 320 2699 turi
343 2658 516 2714 συνήσω,
538 2672 664 2716 atque
682 2665 785 2711 adeo
809 2663 991 2718 συνήσεις
1009 2664 1050 2704 h.
1072 2667 1101 2705 lh
1124 2661 1389 2702 scribendum
1406 2669 1508 2710 erat,
1536 2674 1680 2714 quem-

224 2715 458 2758 *admodum
480 2730 576 2760 vose
596 2719 800 2773 scriptum
814 2721 1024 2776 repetitur
1041 2719 1088 2759 in
1110 2718 1190 2760 Ed.
1208 2718 1319 2774 Aug.
1338 2713 1511 2774 ’Λφήσω
1533 2728 1678 2757 occut-
