1741 3132
428 210 490 243 m
525 208 842 242 DIALOGOS
877 209 1147 246 mannum.
1422 206 1516 252 301

69 310 116 350 in
137 310 384 351 Florentina
413 320 452 349 et
478 309 655 349 Aldina:
688 311 778 348 sola
797 309 1053 350 Basileensis
1076 313 1519 369 συμπεριενεχθήσεται·

70 366 115 405 id
138 367 250 422 quod
274 368 450 420 probum
475 377 550 407 cst.
582 366 702 408 Jmss.

179 423 273 477 Pag.
306 428 372 466 24.
412 426 439 461 l.
469 429 506 466 7.
555 427 715 478 Τροχῷ)
762 423 966 463 Meminit
1001 424 1038 463 J.
1071 425 1275 465 Βνοιῖαειις
1303 428 1430 466 Misc.
1460 428 1519 467 Π.

69 495 106 521 c.
143 485 206 523 10.
287 479 481 519 Pindarus
509 477 775 530 τετράκναμον
814 479 959 531 δεσμὸν
1000 484 1193 530 vocavit,
1247 483 1522 536 τετράκνημον

68 537 211 591 τροχὸν
233 536 370 576 Sclzol.
389 535 528 589 Apoll.
552 536 631 575 Rlz.
655 536 705 574 ad
729 538 829 588 Arg.
852 537 934 586 IIT,
958 541 1025 580 62.
1082 538 1196 578 Bone
1218 540 1268 579 de
1290 540 1414 578 nobis
1437 555 1520 578 me-

39 631 40 634 ,
69 593 252 636 rebitur.
290 594 362 644 qui
387 593 531 630 ultima
558 591 717 646 dialogi
738 591 865 645 hujus
895 596 958 632 vel
982 594 1263 645 explicuerit,
1296 599 1362 634 vel
1383 611 1520 634 emen-

69 649 192 687 darit.
224 650 405 687 Hnmsrr.
467 648 843 700 Corruptissimum
876 651 1017 687 locum
1051 650 1304 689 emendandi
1332 655 1520 702 complu-

69 720 113 744 ra
156 715 255 743 sunt
292 705 481 757 pericula
522 705 648 744 facta.
716 705 958 744 Abresclzius
986 705 1156 743 Dilucc.
1188 707 1320 747 Thuc,
1352 723 1394 759 p.
1426 701 1520 750 144,

68 761 194 801 verba
228 763 427 814 vulgata,
457 760 522 797 uti
553 769 695 806 erant,
734 760 953 799 retinenda
988 760 1180 814 quidem,
1214 762 1285 800 sed
1316 763 1415 804 Jovi
1451 763 1525 801 ad-

69 815 313 866 scribenda,
356 826 400 854 et
431 815 482 853 ad
515 817 866 871 interrogationis
891 817 1067 854 formam
1096 818 1333 857 revocanda
1370 819 1524 857 existi-

67 873 224 917 mavit,
257 882 305 910 ut
327 870 399 909 hic
426 873 647 911 exsisteret
678 887 842 911 sensus:
871 888 1035 926 poenam
1068 872 1165 912 dcms
1188 878 1355 914 amoris.-
1400 891 1523 915 nonne

67 933 168 968 enim
189 929 286 968 hacc
302 931 437 981 gravis
456 929 528 967 ribi
548 928 700 967 videtur
717 945 794 968 esse
811 944 939 982 poena
961 930 1008 968 ob
1029 931 1302 982 jactantiam?
1346 931 1425 969 Sed
1459 946 1523 969 re-

67 984 264 1024 manebat
283 986 344 1022 sic
366 999 535 1038 quoque
558 984 764 1035 offensio,
797 1000 919 1039 quam
941 986 1097 1024 fecerat
1118 986 1387 1039 Praepositio
1423 984 1518 1036 ιέπό,

67 1044 276 1094 cujusque
316 1043 413 1079 loco
460 1040 626 1094 Guyetus
666 1044 860 1079 voluerat
889 1038 999 1095 ὑπὲρ.
1058 1041 1230 1080 Poterat
1256 1044 1400 1093 potius
1433 1041 1524 1084 ἀντὶ

67 1095 364 1151 corrigendum
387 1096 536 1138 videri.
599 1096 781 1151 Egregie
798 1111 898 1135 vero
929 1096 978 1135 de
1007 1096 1047 1137 h.
1086 1100 1115 1136 1.
1154 1098 1329 1136 meritus
1362 1108 1422 1138 est
1451 1114 1522 1138 co⁴

67 1153 293 1193 dexParis.
312 1157 460 1202 2954„
493 1153 589 1207 qui,
624 1167 752 1206 quum
776 1162 985 1205 postrema
1026 1167 1197 1206 quoque
1223 1154 1349 1194 verba
1377 1155 1524 1194 eadem

66 1223 252 1264 prorsus,
275 1222 356 1261 qua
377 1209 621 1248 Abresclzius
648 1208 877 1263 cogitavit,
912 1210 1077 1249 ratione
1095 1210 1214 1250 Jovis
1240 1211 1421 1249 sermoni
1445 1210 1523 1249 ad-

69 1274 226 1315 nectat,
258 1279 514 1318 magnopere
535 1274 671 1304 tamen
690 1274 850 1304 mutata
873 1264 1062 1311 exhibet,
1096 1276 1142 1303 ut
1164 1267 1239 1304 vix
1267 1281 1522 1320 quemquam

67 1321 273 1376 sagacitas
294 1334 369 1358 sua
382 1324 523 1373 paullo
538 1321 768 1360 modestior
779 1335 829 1360 eo
844 1320 1021 1360 ductura
1042 1322 1175 1359 fuisse
1197 1321 1405 1360 videatur.
1439 1323 1522 1362 Le·

20 1412 25 1417 .
67 1377 154 1432 git:
188 1379 305 1428 δίκην
323 1375 457 1423 διδοὺς
489 1375 545 1418 οὐ
575 1379 833 1427 mosoc-2109,
867 1375 914 1418 οὗ
936 1376 1010 1430 γὰρ
1043 1380 1140 1428 δεῖ,
1173 1378 1305 1420 δεινὸν
1324 1376 1443 1419 τοῦτό
1463 1396 1521 1433 γε,

65 1431 190 1475 ἀλλὰ
219 1437 291 1486 τῆς
309 1450 390 1487 frey.
421 1442 546 1487 atque
567 1432 671 1471 haec
702 1432 865 1471 Belinus
895 1433 977 1470 sibi
1011 1433 1185 1485 probata
1216 1434 1277 1472 sic
1309 1435 1521 1487 explicat:

61 1505 228 1546 poenam
251 1488 350 1527 dans
380 1505 455 1528 non
477 1488 631 1542 quidem
652 1491 822 1539 amorim
854 1504 931 1528 non
963 1500 1111 1542 oporiet
1139 1492 1239 1528 enim
1261 1489 1393 1539 (ideo
1426 1506 1522 1530 eum

64 1547 218 1600 punire
234 1549 247 1596 )
266 1561 383 1599 quum
403 1545 447 1583 id
463 1546 576 1600 ntffizs
586 1546 715 1602 foret,
746 1544 813 1583 secl
825 1548 1056 1598 jactantiae.
1117 1546 1173 1582 Et
1192 1547 1236 1583 in
1262 1545 1327 1583 his
1349 1547 1524 1598 acquie-

63 1612 221 1642 verunt
241 1601 511 1641 Schmiederus
537 1611 579 1640 et
609 1601 758 1654 Poppo,
781 1602 854 1653 qui
884 1614 1021 1640 tamen
1053 1602 1265 1653 posterior
1291 1602 1342 1642 V.
1374 1603 1432 1640 D.
1469 1617 1522 1641 ne

65 1658 126 1698 sic
151 1657 322 1711 quidem
348 1658 523 1697 omnino
548 1658 736 1712 genuina
758 1657 933 1696 Luciani
952 1657 1074 1695 verba
1096 1671 1174 1695 nos
1193 1657 1346 1696 habere
1369 1658 1523 1710 suspi-

64 1723 195 1754 catur.
255 1715 312 1752 Et
337 1729 432 1753 vere
457 1714 515 1752 ita
540 1724 624 1753 est:
660 1727 755 1751 nam
787 1712 977 1751 nondum
1011 1715 1176 1764 placere
1202 1722 1343 1766 potest
1372 1728 1524 1765 paren·

61 1770 197 1809 thesis
218 1770 279 1809 sic
300 1769 517 1809 adornata.
580 1768 810 1822 Quomodo
834 1768 944 1806 enim
969 1768 1260 1821 Jupiterillud
1275 1768 1405 1810 δεινὸν
1427 1779 1524 1821 pot-

65 1836 155 1867 erat
187 1825 349 1876 dicere,
392 1827 428 1863 si
456 1825 669 1878 puniisset
691 1824 884 1863 Ixionem
915 1824 969 1862 ob
999 1824 1286 1878 gravissimam
1318 1826 1523 1879 injuriam

64 1892 107 1922 et
129 1882 318 1931 Junoni,
348 1882 467 1921 Deae
502 1895 738 1933 supremae,
785 1890 826 1920 et
860 1879 943 1931 ipsi
976 1881 1083 1930 sibi,
1126 1880 1321 1919 illatam?
1372 1882 1523 1919 Resta-

62 1937 135 1977 bat
154 1939 319 1977 scilicet
340 1952 470 1974 unum
495 1937 634 1975 adhuc
657 1936 854 1976 mendum
879 1937 922 1973 in
946 1935 1123 1976 vocibus
1146 1939 1208 1977 δεῖ
1224 1935 1373 1986 δεινὸν,
1405 1936 1524 1990 quod

16 2012 22 2015 “
63 1994 272 2033 Jacobsius
299 1993 343 2031 in
382 1993 547 2033 Porsoni
575 1992 771 2032 Adverss.
809 1993 869 2031 ita
904 1991 1214 2031 emendandum
1242 1993 1437 2046 putavit,
1471 2003 1523 2031 ut

61 2051 249 2105 priorem
279 2064 420 2089 earum
462 2064 641 2099 vocum,
694 2052 776 2099 δεῖ,
817 2062 987 2100 prorsus
1020 2047 1313 2098 submoveret,
1355 2049 1520 2100 optimo

63 2120 164 2145 sane
196 2105 394 2145 oonsilio.
452 2104 749 2154 Nihilominus
781 2103 889 2141 mihi
929 2104 1167 2141 consultius
1208 2103 1432 2142 videbatur
1461 2108 1529 2146 δεῖ

63 2162 112 2201 in
136 2160 184 2213 δὴ
205 2171 378 2210 mutare,
404 2173 507 2213 quas
528 2159 630 2198 duas
656 2174 784 2198 voces
800 2164 852 2197 'et
882 2159 983 2197 alibi
1014 2158 1124 2196 haud
1149 2172 1242 2197 raro
1262 2169 1520 2211 permutatas

64 2217 177 2257 inter
195 2231 261 2266 se,
298 2216 430 2255 fuisse
453 2225 644 2265 constat,
677 2224 725 2252 ut
758 2216 892 2253 Dian.
914 2216 1048 2251 Deor.
1080 2214 1240 2264 XXVI,
1262 2221 1300 2257 2.
1335 2215 1409 2252 ubi
1438 2231 1517 2268 pro

62 2270 333 2315 καθιππεύειν
364 2275 424 2312 δεῖ
452 2272 495 2308 in
526 2269 620 2310 cod.
648 2270 779 2309 Paris.
809 2269 966 2323 legitur
997 2276 1092 2310 καθ.
1123 2267 1187 2321 δή.
1248 2271 1316 2308 Sic
1348 2274 1430 2323 jam
1465 2272 1520 2310 ad

61 2329 173 2369 hanc
192 2328 311 2370 Jovis
334 2326 588 2366 sententiam
612 2325 884 2375 devenimus,
918 2325 1084 2374 nescio,
1119 2340 1170 2363 an
1194 2327 1321 2365 unice
1357 2341 1517 2366 veram:

59 2401 206 2441 poenas
222 2385 342 2431 dans,
375 2399 452 2422 non
477 2384 622 2420 amoris
642 2381 796 2435 quidem
816 2379 922 2434 (non
944 2383 1043 2418 enim
1059 2397 1152 2419 sane
1172 2382 1250 2421 hoc
1277 2382 1432 2436 quidem
1461 2407 1519 2413 —-

64 2458 199 2480 amare
233 2441 419 2488 scilicet,
465 2438 576 2492 quod
619 2438 741 2476 facile
778 2452 829 2475 ex
863 2439 1008 2486 ἔρωτος
1037 2436 1295 2491 intelligitur
1322 2462 1379 2469 -——-
1403 2455 1524 2491 grave

8 2528 11 2530 -
65 2498 312 2554 quidjforet)
332 2495 399 2533 secl
412 2496 644 2547 jactantiae.
705 2494 863 2546 Relege
888 2492 1010 2533 Jovis
1033 2492 1156 2531 verba
1171 2524 1182 2544 ‚
1217 2507 1323 2547 quae
1343 2495 1379 2532 is
1402 2498 1522 2548 paul..

67 2555 112 2592 lo
135 2564 233 2592 ante
253 2552 417 2590 dixerat
440 2565 474 2589 c.
494 2556 532 2593 3.
566 2547 812 2604 σύγγνωστοι
833 2544 929 2599 οὖν,
961 2550 996 2588 εἰ
1017 2545 1176 2596 πιόντες
1194 2559 1272 2589 etc.
1304 2551 1462 2589 LEIIM.

179 2608 281 2647 Ead.
312 2610 339 2648 l.
365 2611 404 2648 9.
432 2604 538 2648 Ἀπὸ
562 2611 631 2658 τῆς
651 2605 812 2661 μεγαλ.)
844 2605 910 2642 An
934 2600 1056 2655 ὖπέρ;
1089 2604 1265 2645 GUYET.

178 2664 290 2717 Pag..
317 2667 383 2706 25,
410 2665 437 2701 l.
474 2667 513 2706 8,
559 2665 791 2718 Προςγελᾷ)
837 2661 935 2699 Cito
965 2659 1102 2700 ridere
1137 2661 1224 2699 fuit
1251 2663 1517 2717 praesagium

65 2721 245 2779 ingenii.
306 2718 406 2762 vid.
441 2718 533 2761 Art.
569 2718 678 2760 Crit.
710 2719 756 2759 P.
790 2722 830 2761 2.
860 2717 968 2757 Sect.
1000 2716 1036 2755 Ι.
1067 2730 1105 2759 c.
1122 2716 1177 2757 X.
1209 2717 1251 2771 §.
1275 2724 1340 2763 12.
1373 2721 1514 2758 szn.
