1741 3085
202 185 301 231 302
554 184 1296 224 ADN‘OTATIONES

198 296 252 335 In
275 292 342 342 iis,
355 305 459 346 quae
470 297 718 342 sequuntur,
733 285 905 326 edendis
915 296 1083 326 secutus
1099 287 1200 325 olim
1219 299 1327 326 eram
1347 283 1639 333 Matthiaeium‚

203 350 277 404 qui
301 364 354 388 ex
377 347 469 386 cod.
496 348 620 389 2956.
653 343 810 397 duplex
827 361 885 393 τι,
914 358 1043 381 unum
1064 352 1162 396 post
1184 346 1313 395 δηλοῖ,
1346 344 1519 380 alterum
1544 349 1643 392 post

201 409 319 460 μέγα,
354 402 534 455 scripsit,
591 401 719 440 Nunc
741 399 866 438 video
894 414 949 438 ex
970 400 1060 452 ipsa
1079 398 1210 437 Belim·
1232 395 1507 437 adnotatione
1525 395 1642 434 codi-

201 476 288 500 cem
316 460 434 497 illum
460 457 569 495 hanc
591 456 745 495 habere
777 455 1028 494 lectionem:
1059 456 1124 496 καὶ
1153 458 1266 507 δηλοῖ
1296 456 1392 508 μέγα
1417 469 1455 493 τι
1482 448 1644 505 ἀγαθὸν

197 515 314 569 rimosi.
371 515 542 561 Mutata
562 517 642 565 jam
667 521 805 550 mente
827 511 1045 564 pristinam
1076 521 1118 550 et
1138 512 1352 564 vulgatam
1383 508 1547 547 retineo
1577 521 1643 545 ra-

197 574 379 611 tionem:
416 584 509 607 nam
532 583 678 607 vocem
698 584 734 608 τι
754 566 1047 605 tantummodo
1069 563 1534 618 transposuitlibrarius
1546 562 1640 601 iste.

199 627 418 667 Sententia
439 635 575 664 autem
596 623 799 672 Vulcani,
833 637 956 676 quam
977 622 1179 674 interpres
1198 622 1382 660 Latinus
1412 621 1558 673 paullo
1584 618 1643 656 li-

198 685 341 723 berius
382 680 545 730 reddit,
570 680 688 718 haec
715 688 804 718 est:
835 690 870 717 ct
912 678 1079 718 ostendit
1105 681 1191 731 jam
1230 693 1412 729 magnum
1444 673 1644 729 quoddam.

201 740 341 779 bonum
359 755 436 777 sese
453 752 666 775 evasurum-
725 736 844 790 Μέγα
864 731 1022 789 ἆγαθόν
1042 733 1245 773 videlicet
1277 733 1367 785 ipse
1399 729 1644 771 Mercurius

200 795 379 842 (licitur,
412 802 461 831 ut
480 793 592 830 infra
605 792 780 838 iterum;
813 793 910 845 μέγα
930 789 1055 832 κακὸν
1074 790 1271 828 Minerva
1291 789 1334 826 in
1370 787 1492 829 Jovis
1526 785 1640 838 capi-

199 862 240 890 te
260 851 375 889 Dial.
398 848 522 897 VIII,
545 854 582 890 2.
608 857 648 887 et
673 846 842 898 Cupido
864 846 971 895 XII,
998 851 1033 889 1.
1092 846 1367 895 Illustrarunt
1389 843 1502 881 hunc
1522 855 1644 879 usum

197 905 366 946 Dorvill.
381 903 432 944 ad
450 903 595 943 Charit-
609 918 648 955 p.
663 908 757 946 227.
770 914 809 941 et
825 902 953 942 Sturz.
966 902 1073 941 Lex.
1088 900 1284 952 Xenoph.
1299 915 1328 942 s.
1342 915 1382 940 v.
1401 894 1557 952 ἀγαθὸς
1580 892 1599 916 ‘¹
1613 899 1643 946 ).

206 968 253 1003 Ta
281 972 419 1000 autem
441 963 522 1012 jam
553 972 639 997 non
673 958 865 997 absolute
894 959 1103 1009 positum,
1136 955 1207 994 sed
1231 971 1322 994 cum
1358 954 1455 1009 μέγα
1486 951 1645 1007 ἀγαθὸν

194 1015 457 1072 jungendum
478 1024 598 1067 puto.
658 1014 865 1066 Denique
887 1011 939 1061 ὥς
960 1026 1046 1051 non
1068 1011 1238 1051 videtur
1265 1011 1373 1049 mihi
1405 1025 1498 1048 cum
1530 1009 1644 1062 Pop—

193 1090 294 1127 γονης
315 1072 361 1109 in
383 1070 479 1110 Ind.
511 1083 541 1111 ε.
565 1067 618 1117 ὥς
637 1068 688 1107 ad
708 1068 1013 1123 ἀποβησόμενον
1029 1067 1243 1121 proxime,
1277 1067 1350 1105 sed
1380 1065 1432 1104 ad
1461 1067 1557 1119 μέγα
1585 1079 1648 1103 re-

196 1127 432 1168 ferendum.
509 1125 681 1164 Scilicet
716 1121 769 1173 ὥς
800 1124 1038 1178 Adjectivis
1069 1126 1139 1162 vel
1170 1122 1399 1161 Adverbiis
1424 1121 1646 1160 nonnullis

197 1188 392 1237 junctum
413 1182 599 1221 ironicae
623 1181 829 1220 orationis
859 1180 1042 1234 speciem
1062 1178 1229 1228 induit3
1261 1188 1388 1232 auget
1409 1175 1647 1216 sententiae

197 1241 301 1289 vim,
329 1237 427 1276 dum
451 1237 640 1277 minuere
663 1236 854 1276 videtur:
880 1234 968 1278 οὔδ’
993 1233 1046 1284 ὥς
1062 1233 1196 1288 ὀρθῶς
1217 1234 1338 1274 Isocr.
1355 1235 1510 1287 Paneg‚
1530 1236 1644 1276 αδδ.

197 1312 275 1334 non
307 1297 541 1345 rectissimc5
591 1291 646 1341 ὥς
676 1291 839 1345 ἀληθῶς
866 1291 979 1345 apud
1008 1291 1197 1331 Nostrum
1228 1288 1646 1342 frequentissimum,

196 1362 246 1390 ut
270 1352 411 1390 Somn.
435 1365 467 1391 e.
497 1354 563 1391 10.
586 1349 720 1387 Dian.
753 1350 887 1388 Matr.
920 1348 1002 1396 III,
1034 1352 1071 1390 2.
1098 1347 1232 1386 Dian.
1263 1344 1575 1397 Mortt.XVII‚
1606 1349 1645 1386 2.

195 1410 362 1460 Ληλοῦν
380 1420 472 1443 cum
493 1404 728 1456 Participio
748 1403 935 1456 ejusdem
954 1403 1145 1455 Subjecti
1160 1433 1172 1451 ‚
1207 1400 1321 1455 quod
1344 1400 1471 1440 verbo
1496 1402 1648 1452 δηλοῦν

196 1463 330 1512 inest,
364 1469 674 1509 constructum,
705 1459 946 1514 significare
969 1459 1217 1513 manifestum
1252 1456 1409 1495 reddere
1434 1473 1474 1495 se
1503 1459 1643 1509 ipsum,

195 1519 401 1572 adparere,
446 1526 573 1568 atque
606 1515 710 1554 adeo
749 1529 871 1567 saepe
899 1528 974 1567 per
1003 1513 1256 1554 Adverbium
1288 1513 1495 1568 manifesto
1528 1510 1648 1549 reddi

195 1588 343 1628 posse,
374 1571 504 1611 hodie
524 1574 592 1610 vel
612 1573 743 1624 vulgo
765 1582 912 1609 notum
932 1579 1006 1608 est.
1039 1569 1137 1609 Vid.
1171 1568 1341 1609 Brunck.
1377 1567 1430 1606 ad
1458 1566 1646 1620 Sophocl.

194 1631 315 1682 Ajac.
338 1645 377 1668 v.
404 1632 501 1670 472.
534 1626 670 1666 Dian.
702 1628 859 1667 Mortt.
880 1625 1064 1675 XXVII,
1088 1630 1127 1668 7.
1148 1626 1215 1666 καὶ
1235 1623 1381 1677 ἐδήλου
1401 1623 1648 1677 φαινόμενος

194 1682 333 1740 ὦχρός.
364 1685 519 1722 meM.

307 1739 407 1780 Ead.
437 1741 463 1780 l.
499 1744 564 1781 11.
601 1735 680 1780 Ἐν
712 1743 760 1796 τῇ
789 1739 1043 1794 πανουργίᾳ)
1083 1737 1298 1775 Usitatius
1329 1737 1369 1784 ἒς
1394 1737 1464 1775 vel
1494 1738 1550 1784 εἷς
1573 1733 1649 1786 τὴν

190 1799 464 1851 πανουργίαν·
498 1795 645 1848 itaque
678 1795 944 1833 scribendum
966 1804 1086 1847 puto.
1147 1793 1208 1831 Ut
1229 1790 1356 1830 modo
1374 1792 1471 1846 μέγα
1490 1788 1647 1845 ἆγαθόυ

191 1850 515 1907 ἀποβησόμενον,
545 1851 606 1889 sic
628 1861 670 1890 et
693 1851 874 1904 Xenoplc.
903 1851 1061 1903 Cyrop.
1083 1851 1132 1889 V.
1155 1863 1248 1902 pag.
1277 1852 1343 1891 76.
1375 1862 1415 1888 v.
1440 1854 1502 1891 13.
1525 1841 1557 1890 ni
1584 1848 1647 1900 μέ-

189 1929 242 1966 γα
264 1907 422 1965 ἇγαθὸν
444 1906 493 1948 σύ
514 1913 599 1954 τοῖς
619 1909 756 1958 φίλοις
777 1912 905 1959 Κῦρε*
941 1906 1117 1945 similem
1142 1906 1187 1943 in
1210 1903 1379 1942 modum
1406 1905 1504 1957 μέγα
1520 1902 1646 1945 κακὸν

191 1966 295 2009 εἶναι
323 1967 390 2005 Vel
415 1965 599 2016 ἔρχεσθαι
637 1970 724 2002 τινί.
757 1963 938 2002 Hnmsr.
999 1961 1202 2000 Mutandi
1231 1959 1520 1998 necessitatem
1554 1974 1641 1998 non

191 2023 333 2062 video.
393 2017 550 2069 ‘'060v‚
602 2017 954 2070 quemadmodum
998 2031 1090 2056 cum
1121 2016 1214 2054 aliis
1246 2015 1642 2067 Praepositionibus

193 2094 227 2120 e.
249 2094 288 2130 g.
312 2078 389 2127 ἐπὶ,
411 2073 491 2116 ἀπὸ
513 2084 594 2113 etc.
626 2073 732 2124 (vid.
754 2073 891 2112 Indic.
915 2089 944 2115 s,
968 2071 1106 2122 ὅσος),
1139 2073 1196 2110 ita
1219 2072 1343 2110 etiam
1368 2086 1460 2109 cum
1479 2073 1520 2113 ἐν
1539 2085 1644 2109 con-

192 2130 384 2188 jurictum
408 2131 508 2170 ferri
536 2139 702 2182 potest,
735 2129 809 2167 ubi
839 2130 948 2168 ratio
971 2144 1000 2171 s,
1036 2137 1246 2182 respectus
1279 2126 1529 2180 cogitandus
1557 2135 1642 2176 est,

195 2204 279 2243 quo
297 2204 360 2228 res
385 2187 526 2240 aliqua
559 2188 698 2223 locum
728 2184 899 2234 l1abeat3
929 2185 1046 2232 sive,
1090 2184 1183 2232 ubi,
1218 2182 1333 2236 quod
1361 2182 1412 2221 de
1442 2183 1641 2221 universo

192 2246 305 2284 nolis
328 2247 481 2293 valere,
514 2240 565 2279 ad
598 2251 749 2279 certam
774 2240 982 2293 quandam
1010 2242 1218 2279 rationem
1248 2239 1489 2292 restringas.
1534 2243 1637 2285 Δυς-

193 2307 322 2352 τυχεῖν
340 2303 382 2340 ἐν
407 2305 489 2346 τοῖς
517 2299 718 2350 ἐρωτικοῖς
745 2298 866 2339 Dial,
901 2297 1017 2347 XIV,
1047 2298 1105 2334 in.
1149 2310 1234 2334 non
1268 2293 1432 2332 indicat
1462 2293 1638 2332 omnino

195 2369 492 2409 quamcunque
520 2354 699 2406 alicujus
741 2352 1066 2398 infelicitatem,
1108 2351 1179 2391 sed
1208 2365 1318 2398 earn,
1354 2363 1458 2401 quae
1498 2348 1638 2400 posita

191 2420 356 2451 tantum
379 2421 442 2449 est
463 2411 505 2447 in
529 2424 571 2448 re
592 2408 807 2449 amatoria.
868 2409 926 2446 Et
947 2409 982 2446 si
1006 2409 1050 2446 in
1075 2408 1151 2446 illo
1183 2411 1280 2446 loco
1312 2403 1487 2442 dixisset
1508 2406 1638 2456 Apol-

186 2469 261 2508 lo:
304 2469 477 2518 δυςτυχῶ
498 2462 593 2507 ὅσον
616 2465 658 2505 ἐν
683 2471 768 2512 τοῖς
795 2467 1015 2516 ἐρωτικοῖς,
1058 2463 1184 2501 facile
1217 2465 1297 2514 jam
1328 2459 1639 2499 animadverte-

191 2536 257 2562 res
299 2522 424 2575 hujus
457 2529 497 2559 et
528 2521 642 2557 illius
682 2521 767 2558 loci
805 2519 1142 2558 similitudinem.
1208 2515 1420 2555 Nimirum
1449 2530 1534 2553 non
1564 2530 1640 2568 per

192 2592 258 2628 se,
291 2592 339 2616 ac
361 2590 525 2623 revera,
558 2590 633 2614 nec
667 2575 867 2626 omnino,
897 2575 1000 2612 dicit
1022 2575 1178 2626 Apollo
1197 2571 1458 2610 Mercurium
1485 2573 1637 2624 Japeto

185 2635 422 2682 seniorem,
463 2630 534 2669 sed
566 2643 754 2684 qnatenus
780 2635 860 2685 ejus
889 2633 1034 2669 astutia
1063 2630 1310 2682 respiciatur,
1350 2626 1555 2681 siquidem
1585 2642 1637 2666 ex

191 2688 270 2730 hac
294 2690 449 2729 astutia
474 2700 560 2726 rem
593 2688 785 2740 judicare
812 2687 931 2728 velis.
993 2685 1119 2739 Quod
1147 2686 1285 2738 ipsum
1312 2692 1354 2722 et
1384 2697 1459 2738 per
1486 2686 1543 2732 εἰς
1565 2696 1635 2722 ex·
