1741 3132
361 236 418 266 1N
456 234 773 265 nranooos
807 236 1215 269 monruonum.
1417 226 1512 274 591

57 336 227 390 linquere
251 333 359 386 apud
387 334 578 385 Vellejum
600 331 851 374 Paterculum
875 348 952 387 pro
983 338 1064 375 vita
1088 335 1263 392 defungi.
1323 336 1514 377 Praeter-

57 407 101 431 ea
124 393 184 430 sic
203 391 349 429 scribit
374 392 599 431 Lucianus:
629 392 695 432 καὶ
718 388 819 438 ὅλως
839 390 888 431 τά
922 390 1065 445 ἀρχαῖα
1095 393 1215 447 κάλλη
1244 392 1393 435 πάντα·
1424 408 1513 433 non

58 447 351 503 alitersormas
372 463 447 499 pro
463 447 659 486 formosis
680 446 902 500 Propertius
926 447 1061 489 dixit:
1095 451 1153 489 ita
1176 464 1346 505 quoque
1367 463 1513 490 vocem

57 504 302 558 intelligunt
330 504 370 541 in
393 504 475 543 hoc
502 505 774 544 vexatissimo
799 503 916 542 docti
936 510 1090 557 poetae
1110 509 1236 546 loco:

277 559 597 617 Gytzllziaforma
611 571 770 614 potens,
805 558 1123 617 Cynthiaforma.
1148 563 1264 605 Ievis.-

56 625 97 655 et
120 616 181 654 lib
202 617 262 656 II.
293 618 357 655 El.
383 623 418 660 2.
447 632 483 656 v.
507 623 573 660 42.
608 615 889 656 recentiorum
911 617 1083 670 quidam
1120 628 1331 659 terrestres
1354 621 1512 660 formas

56 673 243 726 Olympo
275 674 444 712 curiose
467 673 617 713 Jovem
635 682 842 725 spectasse
860 674 1006 712 refert:
1039 674 1110 713 sed
1134 674 1329 728 inprimis
1356 691 1513 730 oppor-

54 738 185 767 tunus
231 738 292 768 est
325 728 476 783 Syrtes-ii
503 731 621 767 locus
658 729 701 765 in
740 729 813 767 illa
847 729 1041 781 Epistola
1068 733 1196 784 longe.
1229 734 1510 784 politissima,

57 798 140 838 qua
163 799 234 824 eos
255 785 428 834 refellit,
463 785 536 838 qui
559 785 743 823 Atticam
766 795 808 824 et
827 786 1127 839 elegantiorem
1151 788 1361 827 scribendi
1382 790 1513 827 ratio-

52 854 146 880 nem
169 840 280 880 vitio
294 840 376 878 sibi
401 840 641 881 vertebant:
674 839 802 895 ὥςπερ
821 842 985 883 ἐποίουν
1001 840 1225 901 Ἀθήνῃσιν
1255 846 1297 886 οἷ
1321 848 1514 899 δημιουρ-

60 898 150 950 γοὶ,
180 894 420 951 Ἀφροδίτην
439 898 504 938 καὶ
532 897 711 949 Χάριτας
738 901 804 939 καὶ
831 903 994 940 τοιαῦτα
1025 896 1149 952 κάλλη
1173 905 1287 942 θεῶν
1315 899 1516 956 ἀγάλμασι

52 956 238 1005 Σιληνῶν
263 955 328 994 καὶ
361 951 557 1007 Σατύρων
588 951 866 1008 άμπίσχοντες.
926 955 1118 993 Paullum
1155 956 1279 996 aliter
1309 971 1330 995 a
1362 958 1515 996 Demo-

50 1009 181 1047 sthene
212 1008 435 1059 dicuntur,
476 1008 597 1063 κάλλη
637 1013 757 1064 ἱερῶν
788 1014 856 1051 καῖ
879 1015 957 1051 τῶν
978 1012 1019 1051 ἐν
1042 1009 1202 1060 τούτοις
1223 1010 1513 1067 ἀναθημάτων.

50 1065 213 1117 Sequar
235 1065 366 1102 animi
388 1067 469 1105 mei
491 1066 719 1118 impetum:
748 1064 878 1108 Ὀστᾶ
896 1065 1022 1117 μόνον
1042 1063 1146 1119 ὁρῶ,
1177 1069 1415 1122 lVIenippus
1442 1070 1517 1107 in-

51 1120 169 1175 quit:
203 1134 291 1158 ossa
315 1131 467 1160 notant
492 1123 603 1175 apud
629 1128 775 1175 poetas
795 1123 908 1174 ipsos
932 1137 1096 1163 manes:
1131 1123 1247 1176 quod
1268 1123 1392 1164 docet
1413 1126 1516 1164 ulti-

49 1190 116 1215 ma
137 1186 179 1215 et
201 1177 368 1216 erudita
389 1179 695 1232 elegantissimi
718 1178 967 1217 Broeklzuisii
1002 1189 1102 1218 nota
1124 1181 1168 1218 in
1198 1181 1442 1234 Propertium
1463 1181 1517 1221 ad

49 1231 181 1272 istum
204 1234 456 1272 versiculum
486 1235 747 1274 memorabili
775 1235 1075 1274 emendatione
1094 1236 1366 1276 restitutum:

263 1313 321 1322 —-
349 1292 422 1329 sim
444 1290 566 1345 (ligna
581 1290 761 1331 merendo

336 1345 454 1400 Cujus
479 1348 682 1387 honoratis
704 1362 795 1386 ossa
812 1347 1006 1386 vehantur
1027 1351 1125 1388 avis.

47 1401 254 1441 notabilis
280 1411 342 1442 est
365 1402 500 1442 Ovidii
519 1405 630 1443 Diris
646 1407 687 1443 in
706 1402 794 1442 Ibin
813 1406 959 1452 locus,
995 1419 1079 1451 uuo
1106 1418 1248 1444 manes
1280 1422 1410 1447 osseas
1444 1407 1515 1447 ad·

46 1462 179 1512 pellat
209 1457 365 1498 larvas:
398 1459 459 1496 sic
490 1460 602 1498 enim
634 1460 801 1513 egregie
834 1459 1023 1513 Heinsius
1048 1460 1221 1511 refecit,
1265 1477 1358 1501 cum
1390 1474 1517 1503 antea

45 1517 255 1567 legeretur
278 1515 558 1569 osscaforrna:
589 1530 682 1554 curn
706 1514 773 1552 his
798 1516 1001 1568 componi
1022 1516 1175 1568 velim,
1207 1531 1314 1572 quae
1342 1520 1516 1572 scripsit

45 1569 190 1610 Noster
210 1571 253 1608 in
280 1571 444 1624 Catapl.
472 1586 506 1611 c.
525 1577 594 1614 22.
629 1571 812 1610 HssMsrr.
835 1571 872 1611 Ι.

57 1668 59 1670 ,
160 1626 262 1666 Εαᾶ.
292 1629 320 1669 l.
355 1633 392 1671 3.
442 1626 588 1682 Τυρώ)
627 1627 840 1666 Salmonei
880 1625 995 1678 filia,
1035 1642 1087 1668 ex
1118 1643 1201 1684 qua
1228 1639 1273 1670 et
1302 1628 1515 1684 Neptuno

45 1682 139 1721 nati
163 1682 323 1722 Neleus
349 1693 390 1721 et
410 1684 564 1724 Pelias.
625 1682 735 1724 Vide
758 1682 842 1724 Od.
865 1689 918 1724 Λ.
949 1687 1047 1728 235.
1077 1699 1168 1740 sqq·
1209 1685 1346 1740 Supra
1373 1688 1511 1731 Dian,

44 1739 175 1778 Marr.
200 1738 328 1778 XIII.
359 1739 526 1779 SOLAE.

160 1794 262 1834 Ead.
284 1798 313 1835 1.
337 1800 378 1838 7.
415 1793 701 1850 Θαυμάζουσι)
731 1795 1000 1835 Describunt
1024 1796 1077 1834 iis
1096 1796 1313 1848 versibus,
1341 1799 1416 1854 qui
1440 1813 1514 1840 eo-

45 1864 137 1891 rum
158 1851 320 1890 formae
346 1850 667 1891 admirationem
690 1852 735 1889 in
760 1851 886 1889 nobis
906 1861 1064 1892 creant.
1099 1852 1238 1894 CLen.

159 1905 262 1946 Ead.
285 1909 314 1945 l.
341 1913 404 1950 12.
440 1907 542 1950 Εἶτα
558 1911 601 1949 αἱ
618 1911 738 1962 χίλιαι
756 1911 882 1961 νῆες)
911 1907 1054 1946 Notae
1073 1909 1311 1960 particulae
1347 1909 1414 1950 vis
1448 1920 1512 1952 at-

24 1964 29 1967 ’
47 1976 130 2017 que
155 1963 365 2016 elegantia
386 1965 630 2017 praesertim
653 1963 930 2017 scriptoribus
946 1963 1105 2002 Atticis
1129 1964 1251 2004 valde
1265 1966 1509 2018 familiaris,

46 2018 271 2072 quam-hoc
293 2020 419 2058 etiam
444 2020 641 2060 adhibito
663 2023 761 2060 loco
773 2019 965 2059 Kusterus
983 2020 1216 2060 illustravit
1236 2020 1509 2077 adArisioph.

43 2075 157 2115 Plut.
183 2089 223 2114 v-
247 2079 314 2118 79.
347 2076 572 2127 Lucianus,
603 2087 653 2116 ut
673 2091 818 2116 verum
845 2076 1063 2115 Atticismi
1095 2075 1262 2124 florem,
1304 2079 1382 2131 qui
1411 2094 1513 2120 ner-

2 2176 3 2179 *
45 2145 124 2170 vos
143 2130 331 2170 orationi
350 2143 391 2171 et
411 2134 588 2186 gratiam
614 2132 842 2183 conciliat,
875 2132 1112 2172 sectabatur
1138 2143 1354 2174 contemto
1381 2149 1512 2177 voca-

43 2186 241 2225 buturum
264 2187 493 2227 fastidioso
516 2188 697 2239 delectu,
730 2189 897 2242 saepius
918 2197 1118 2240 usurpat:
1148 2203 1229 2227 nec
1252 2191 1417 2243 sprevit
1435 2206 1512 2246 pa-

0 2251 4 2275 ;
44 2251 110 2281 ter
127 2242 334 2295 epistolae
368 2243 420 2282 ad
440 2244 571 2285 Hebr.
596 2245 700 2295 XII,
722 2248 761 2288 9.
792 2254 840 2283 ut
861 2244 1018 2284 dudum
1043 2244 1212 2283 monuit
1230 2245 1289 2284 H.
1314 2246 1507 2301 Stepham

0 2299 5 2331 'r
41 2297 164 2337 Diss.
190 2297 241 2336 de
263 2299 368 2350 Styl.
393 2300 448 2339 N.
474 2302 522 2342 T.
546 2311 589 2340 et
609 2310 707 2354 post
739 2316 833 2340 eum
854 2300 1074 2354 Raphelius
1102 2314 1156 2340 ex
1187 2302 1392 2354 Arriano,
1435 2315 1509 2344 at·-

0 2378 1 2388 2
42 2368 124 2408 que
145 2353 232 2395 alii.
293 2355 420 2408 Apud
439 2357 618 2396 Latinos
640 2356 783 2397 eadem
805 2366 992 2409 potestas
1014 2355 1171 2394 residet
1191 2357 1237 2395 in
1272 2370 1345 2409 et,
1387 2360 1508 2414 quod

0 2406 1 2426 ³
43 2410 118 2463 qui
133 2410 318 2450 Graecae
339 2412 571 2464 particulae
589 2416 685 2452 loco
708 2421 944 2466 posuerunt
965 2413 1234 2464 interpretes,
1271 2414 1394 2469 digni
1414 2431 1506 2457 non

42 2475 166 2515 sunt,
201 2466 275 2519 qui
296 2477 518 2520 propterea
539 2468 934 2521 reprehendantur:
953 2481 1031 2506 nos
1053 2473 1197 2506 eorum
1221 2471 1415 2525 vestigiis
1437 2474 1506 2512 in·

42 2520 191 2560 sistere
209 2536 295 2561 non
320 2524 473 2578 piguit,
533 2524 592 2563 Ut
611 2534 749 2564 autem
772 2539 871 2563 mox
893 2524 1036 2563 Noster
1055 2520 1190 2572 πόλεις
1207 2523 1425 2570 ἀνάστατοι
1438 2545 1505 2584 γε.

43 2573 208 2631 γόνασι,
240 2579 301 2616 sic
332 2579 472 2619 verbis
501 2580 647 2620 iisdem
678 2580 800 2620 Isocr.
832 2580 877 2618 in
910 2581 1062 2618 Helen.
1091 2579 1232 2622 Laud.
1260 2598 1303 2636 p,
1325 2589 1422 2628 2516.
1445 2587 1502 2626 Α.

44 2627 128 2674 ἄλλ’
151 2635 194 2674 οἷ
209 2634 278 2685 μὲν
301 2637 317 2686 (
329 2635 532 2691 Trojani)
554 2635 782 2690 περιεώρων
809 2638 876 2678 καὶ
907 2633 1040 2684 πόλεις
1069 2631 1316 2688 άναστάτους
1343 2642 1503 2695 γινομέ.

43 2704 140 2738 νας,
170 2690 236 2730 καὶ
255 2689 328 2743 τὴν
345 2691 478 2746 χώραν
500 2694 789 2747 πορθουμένην
809 2691 904 2743 ὥςτε
924 2690 980 2746 μὴ
1008 2693 1209 2747 προέσθαι
1236 2693 1364 2752 αὐτὴν
1389 2698 1499 2753 (He-

42 2746 180 2784 lenam
191 2746 210 2797 )
228 2744 516 2803 τοῖς-Ἕλλησιν.
551 2751 734 2793 Hamsr.
