<?xml version="1.0" encoding="UTF-8"?>
<!DOCTYPE html PUBLIC "-//W3C//DTD XHTML 1.0 Transitional//EN"
    "http://www.w3.org/TR/xhtml1/DTD/xhtml1-transitional.dtd">
<html xmlns="http://www.w3.org/1999/xhtml" xml:lang="en" lang="en">
 <head>
  <title>
</title>
<meta http-equiv="Content-Type" content="text/html;charset=utf-8" />
  <meta name='ocr-system' content='tesseract 3.04.00' />
  <meta name='ocr-capabilities' content='ocr_page ocr_carea ocr_par ocr_line ocrx_word'/>
</head>
<body>
  <div class='ocr_page' id='page_1' title='image "./operagraecaetlat02luciuoft_0637.png"; bbox 0 0 1741 3132; ppageno 0'>
   <div class='ocr_carea' id='block_1_1' title="bbox 418 227 1511 276">
    <p class='ocr_par' dir='ltr' id='par_1_1' title="bbox 418 227 1511 276">
     <span class='ocr_line' id='line_1_1' title="bbox 418 227 1511 276; baseline 0.016 -18"><span class='ocrx_word' id='word_1_1' title='bbox 418 229 481 259; x_wconf 82' lang='lat' dir='ltr'>lN</span> <span class='ocrx_word' id='word_1_2' title='bbox 517 227 824 260; x_wconf 74' lang='lat' dir='ltr'>DIALOGOS</span> <span class='ocrx_word' id='word_1_3' title='bbox 861 229 1262 267; x_wconf 73' lang='lat' dir='ltr'><strong>MORTUORUM.</strong></span> <span class='ocrx_word' id='word_1_4' title='bbox 1410 229 1511 276; x_wconf 72' lang='lat'>625</span> 
     </span>
    </p>
   </div>
   <div class='ocr_carea' id='block_1_2' title="bbox 9 324 1510 2798">
    <p class='ocr_par' dir='ltr' id='par_1_2' title="bbox 9 324 1510 2798">
     <span class='ocr_line' id='line_1_2' title="bbox 55 324 1507 392; baseline 0.007 -25"><span class='ocrx_word' id='word_1_5' title='bbox 55 326 319 379; x_wconf 77' lang='grc' dir='ltr'><em>οἶς”Ελλησιν</em></span> <span class='ocrx_word' id='word_1_6' title='bbox 341 324 635 379; x_wconf 72' lang='grc' dir='ltr'><em>ἐστρατηλάτει·</em></span> <span class='ocrx_word' id='word_1_7' title='bbox 667 335 708 365; x_wconf 79' lang='lat' dir='ltr'>et</span> <span class='ocrx_word' id='word_1_8' title='bbox 732 326 878 379; x_wconf 80' lang='lat' dir='ltr'><strong>Suppl.</strong></span> <span class='ocrx_word' id='word_1_9' title='bbox 903 342 939 369; x_wconf 90' lang='lat' dir='ltr'><strong>v.</strong></span> <span class='ocrx_word' id='word_1_10' title='bbox 965 333 1060 373; x_wconf 84' lang='lat'><strong>593.</strong></span> <span class='ocrx_word' id='word_1_11' title='bbox 1093 331 1180 370; x_wconf 75' lang='lat' dir='ltr'>Has</span> <span class='ocrx_word' id='word_1_12' title='bbox 1203 344 1340 386; x_wconf 82' lang='lat' dir='ltr'>partes</span> <span class='ocrx_word' id='word_1_13' title='bbox 1362 337 1507 392; x_wconf 78' lang='lat' dir='ltr'>virgae</span> 
     </span>
     <span class='ocr_line' id='line_1_3' title="bbox 52 382 1507 448; baseline 0.003 -26"><span class='ocrx_word' id='word_1_14' title='bbox 52 384 262 426; x_wconf 82' lang='lat' dir='ltr'><strong>Mercurii</strong></span> <span class='ocrx_word' id='word_1_15' title='bbox 284 382 400 421; x_wconf 77' lang='lat' dir='ltr'>datas</span> <span class='ocrx_word' id='word_1_16' title='bbox 424 397 474 421; x_wconf 80' lang='lat' dir='ltr'>an</span> <span class='ocrx_word' id='word_1_17' title='bbox 493 383 619 422; x_wconf 82' lang='lat' dir='ltr'>etiam</span> <span class='ocrx_word' id='word_1_18' title='bbox 650 383 877 434; x_wconf 80' lang='lat' dir='ltr'><strong>scriptores</strong></span> <span class='ocrx_word' id='word_1_19' title='bbox 907 384 1059 424; x_wconf 78' lang='lat' dir='ltr'>Graeci</span> <span class='ocrx_word' id='word_1_20' title='bbox 1092 390 1338 440; x_wconf 73' lang='lat' dir='ltr'><strong>superstites</strong></span> <span class='ocrx_word' id='word_1_21' title='bbox 1368 407 1507 448; x_wconf 72' lang='lat' dir='ltr'>agno..</span> 
     </span>
     <span class='ocr_line' id='line_1_4' title="bbox 52 437 1507 492; baseline 0.003 -12"><span class='ocrx_word' id='word_1_22' title='bbox 52 450 196 491; x_wconf 81' lang='lat' dir='ltr'>scant,</span> <span class='ocrx_word' id='word_1_23' title='bbox 228 441 396 479; x_wconf 81' lang='lat' dir='ltr'>nescio:</span> <span class='ocrx_word' id='word_1_24' title='bbox 429 438 541 476; x_wconf 86' lang='lat' dir='ltr'>haud</span> <span class='ocrx_word' id='word_1_25' title='bbox 567 437 720 477; x_wconf 79' lang='lat' dir='ltr'>temere</span> <span class='ocrx_word' id='word_1_26' title='bbox 741 439 891 492; x_wconf 85' lang='lat' dir='ltr'>utique</span> <span class='ocrx_word' id='word_1_27' title='bbox 911 454 932 477; x_wconf 93' lang='lat' dir='ltr'>a</span> <span class='ocrx_word' id='word_1_28' title='bbox 955 441 1138 483; x_wconf 75' lang='lat' dir='ltr'>Luciano</span> <span class='ocrx_word' id='word_1_29' title='bbox 1174 445 1333 486; x_wconf 81' lang='lat' dir='ltr'>dictum</span> <span class='ocrx_word' id='word_1_30' title='bbox 1363 451 1507 490; x_wconf 77' lang='lat' dir='ltr'>medi..</span> 
     </span>
     <span class='ocr_line' id='line_1_5' title="bbox 50 494 1509 552; baseline 0.008 -17"><span class='ocrx_word' id='word_1_31' title='bbox 50 497 197 538; x_wconf 84' lang='lat' dir='ltr'>derim.</span> <span class='ocrx_word' id='word_1_32' title='bbox 232 497 399 535; x_wconf 73' lang='lat' dir='ltr'><strong>SOLAN.</strong></span> <span class='ocrx_word' id='word_1_33' title='bbox 464 495 667 547; x_wconf 82' lang='lat' dir='ltr'>Quamvis</span> <span class='ocrx_word' id='word_1_34' title='bbox 689 494 731 531; x_wconf 87' lang='lat' dir='ltr'>in</span> <span class='ocrx_word' id='word_1_35' title='bbox 767 494 912 548; x_wconf 80' lang='lat' dir='ltr'><strong>Symp.</strong></span> <span class='ocrx_word' id='word_1_36' title='bbox 935 497 976 548; x_wconf 78' lang='lat' dir='ltr'>s).</span> <span class='ocrx_word' id='word_1_37' title='bbox 1001 503 1064 541; x_wconf 88' lang='grc'>16.</span> <span class='ocrx_word' id='word_1_38' title='bbox 1104 501 1318 552; x_wconf 77' lang='lat' dir='ltr'><strong>scripserit</strong></span> <span class='ocrx_word' id='word_1_39' title='bbox 1348 506 1509 547; x_wconf 73' lang='lat' dir='ltr'>Lucia-</span> 
     </span>
     <span class='ocr_line' id='line_1_6' title="bbox 50 548 1507 611; baseline 0.005 -18"><span class='ocrx_word' id='word_1_40' title='bbox 50 570 144 603; x_wconf 75' lang='lat' dir='ltr'><em>nuS,</em></span> <span class='ocrx_word' id='word_1_41' title='bbox 177 552 274 606; x_wconf 76' lang='grc' dir='ltr'><em>τάχα</em></span> <span class='ocrx_word' id='word_1_42' title='bbox 303 548 338 594; x_wconf 76' lang='grc' dir='ltr'>δ’</span> <span class='ocrx_word' id='word_1_43' title='bbox 369 550 419 593; x_wconf 71' lang='grc' dir='ltr'><em>ὄν</em></span> <span class='ocrx_word' id='word_1_44' title='bbox 448 569 557 599; x_wconf 83' lang='grc' dir='ltr'><em>τινος</em></span> <span class='ocrx_word' id='word_1_45' title='bbox 586 553 772 592; x_wconf 78' lang='grc' dir='ltr'><strong><em>καθίκετο</em></strong></span> <span class='ocrx_word' id='word_1_46' title='bbox 804 557 851 608; x_wconf 80' lang='grc' dir='ltr'>τῇ</span> <span class='ocrx_word' id='word_1_47' title='bbox 881 556 1099 611; x_wconf 72' lang='grc' dir='ltr'><strong><em>βακτηρίᾳ,</em></strong></span> <span class='ocrx_word' id='word_1_48' title='bbox 1141 556 1251 597; x_wconf 81' lang='lat' dir='ltr'>nihil</span> <span class='ocrx_word' id='word_1_49' title='bbox 1284 569 1420 602; x_wconf 84' lang='lat' dir='ltr'>tamen</span> <span class='ocrx_word' id='word_1_50' title='bbox 1453 564 1507 603; x_wconf 83' lang='lat' dir='ltr'>ab</span> 
     </span>
     <span class='ocr_line' id='line_1_7' title="bbox 50 608 1508 672; baseline 0.005 -23"><span class='ocrx_word' id='word_1_51' title='bbox 50 612 306 663; x_wconf 76' lang='lat' dir='ltr'>optimorum</span> <span class='ocrx_word' id='word_1_52' title='bbox 341 609 596 660; x_wconf 84' lang='lat' dir='ltr'>scriptorum</span> <span class='ocrx_word' id='word_1_53' title='bbox 626 621 706 644; x_wconf 80' lang='lat' dir='ltr'>usu</span> <span class='ocrx_word' id='word_1_54' title='bbox 739 608 922 647; x_wconf 76' lang='lat' dir='ltr'>alienum</span> <span class='ocrx_word' id='word_1_55' title='bbox 952 610 1076 662; x_wconf 77' lang='lat' dir='ltr'>fecit,</span> <span class='ocrx_word' id='word_1_56' title='bbox 1108 627 1200 651; x_wconf 87' lang='lat' dir='ltr'>cum</span> <span class='ocrx_word' id='word_1_57' title='bbox 1224 614 1293 654; x_wconf 87' lang='lat' dir='ltr'>hic</span> <span class='ocrx_word' id='word_1_58' title='bbox 1312 618 1508 672; x_wconf 82' lang='lat' dir='ltr'>interpo-</span> 
     </span>
     <span class='ocr_line' id='line_1_8' title="bbox 48 663 1509 721; baseline 0.005 -18"><span class='ocrx_word' id='word_1_59' title='bbox 48 667 135 704; x_wconf 86' lang='lat' dir='ltr'>suit</span> <span class='ocrx_word' id='word_1_60' title='bbox 157 668 198 707; x_wconf 80' lang='grc' dir='ltr'><em>ἐν</em></span> <span class='ocrx_word' id='word_1_61' title='bbox 219 671 269 721; x_wconf 77' lang='grc' dir='ltr'>τῇ</span> <span class='ocrx_word' id='word_1_62' title='bbox 290 664 438 718; x_wconf 70' lang='grc' dir='ltr'><em>ῥάβδῳ.</em></span> <span class='ocrx_word' id='word_1_63' title='bbox 500 664 634 702; x_wconf 70' lang='lat' dir='ltr'>Multi</span> <span class='ocrx_word' id='word_1_64' title='bbox 657 663 769 701; x_wconf 78' lang='lat' dir='ltr'>haud</span> <span class='ocrx_word' id='word_1_65' title='bbox 801 664 937 703; x_wconf 84' lang='lat' dir='ltr'>infimi</span> <span class='ocrx_word' id='word_1_66' title='bbox 967 666 1130 706; x_wconf 86' lang='lat' dir='ltr'>ordinis</span> <span class='ocrx_word' id='word_1_67' title='bbox 1156 669 1214 707; x_wconf 88' lang='lat' dir='ltr'>ita</span> <span class='ocrx_word' id='word_1_68' title='bbox 1244 682 1343 711; x_wconf 88' lang='lat' dir='ltr'><strong>sunt</strong></span> <span class='ocrx_word' id='word_1_69' title='bbox 1368 677 1509 717; x_wconf 82' lang='lat' dir='ltr'>locuti</span> 
     </span>
     <span class='ocr_line' id='line_1_9' title="bbox 45 718 1510 784; baseline 0.007 -24"><span class='ocrx_word' id='word_1_70' title='bbox 45 736 135 760; x_wconf 88' lang='lat' dir='ltr'>non</span> <span class='ocrx_word' id='word_1_71' title='bbox 159 732 323 760; x_wconf 85' lang='lat' dir='ltr'>tantum</span> <span class='ocrx_word' id='word_1_72' title='bbox 351 719 521 773; x_wconf 82' lang='lat' dir='ltr'>quando</span> <span class='ocrx_word' id='word_1_73' title='bbox 548 718 772 757; x_wconf 81' lang='lat' dir='ltr'>Ablativus</span> <span class='ocrx_word' id='word_1_74' title='bbox 796 719 1087 773; x_wconf 78' lang='lat' dir='ltr'>instrumenti,</span> <span class='ocrx_word' id='word_1_75' title='bbox 1119 725 1191 763; x_wconf 86' lang='lat' dir='ltr'>sed</span> <span class='ocrx_word' id='word_1_76' title='bbox 1214 736 1255 764; x_wconf 89' lang='lat' dir='ltr'>et</span> <span class='ocrx_word' id='word_1_77' title='bbox 1278 730 1386 768; x_wconf 79' lang='lat' dir='ltr'>alins</span> <span class='ocrx_word' id='word_1_78' title='bbox 1412 733 1510 784; x_wconf 76' lang='lat' dir='ltr'>qui-</span> 
     </span>
     <span class='ocr_line' id='line_1_10' title="bbox 44 774 1509 832; baseline 0.004 -17"><span class='ocrx_word' id='word_1_79' title='bbox 44 792 215 832; x_wconf 80' lang='lat' dir='ltr'>cunque</span> <span class='ocrx_word' id='word_1_80' title='bbox 241 777 465 830; x_wconf 80' lang='lat' dir='ltr'>ponendus</span> <span class='ocrx_word' id='word_1_81' title='bbox 491 786 603 815; x_wconf 85' lang='lat' dir='ltr'>erat:</span> <span class='ocrx_word' id='word_1_82' title='bbox 637 774 733 814; x_wconf 81' lang='lat' dir='ltr'>ideo</span> <span class='ocrx_word' id='word_1_83' title='bbox 757 789 844 814; x_wconf 88' lang='lat' dir='ltr'>non</span> <span class='ocrx_word' id='word_1_84' title='bbox 866 791 960 817; x_wconf 85' lang='lat' dir='ltr'>raro</span> <span class='ocrx_word' id='word_1_85' title='bbox 999 778 1068 830; x_wconf 85' lang='lat' dir='ltr'>fit,</span> <span class='ocrx_word' id='word_1_86' title='bbox 1103 791 1148 819; x_wconf 90' lang='lat' dir='ltr'>ut</span> <span class='ocrx_word' id='word_1_87' title='bbox 1176 782 1218 820; x_wconf 91' lang='lat' dir='ltr'>in</span> <span class='ocrx_word' id='word_1_88' title='bbox 1241 784 1386 824; x_wconf 75' lang='lat' dir='ltr'>eodem</span> <span class='ocrx_word' id='word_1_89' title='bbox 1409 802 1509 827; x_wconf 80' lang='lat' dir='ltr'>ora..</span> 
     </span>
     <span class='ocr_line' id='line_1_11' title="bbox 43 831 1504 891; baseline 0.005 -20"><span class='ocrx_word' id='word_1_90' title='bbox 43 834 176 872; x_wconf 69' lang='lat' dir='ltr'>tionis</span> <span class='ocrx_word' id='word_1_91' title='bbox 217 843 424 873; x_wconf 83' lang='lat' dir='ltr'>contextu</span> <span class='ocrx_word' id='word_1_92' title='bbox 463 831 654 871; x_wconf 82' lang='lat' dir='ltr'>additum</span> <span class='ocrx_word' id='word_1_93' title='bbox 698 831 986 887; x_wconf 81' lang='lat' dir='ltr'>omissumque</span> <span class='ocrx_word' id='word_1_94' title='bbox 1023 837 1271 891; x_wconf 81' lang='lat' dir='ltr'>reperiatur.</span> <span class='ocrx_word' id='word_1_95' title='bbox 1331 843 1504 885; x_wconf 66' lang='lat' dir='ltr'>Aristot,</span> 
     </span>
     <span class='ocr_line' id='line_1_12' title="bbox 9 886 1504 950; baseline 0.005 -21"><span class='ocrx_word' id='word_1_96' title='bbox 9 909 12 913; x_wconf 90' lang='lat'>·</span> <span class='ocrx_word' id='word_1_97' title='bbox 42 891 156 929; x_wconf 86' lang='lat' dir='ltr'>Hist.</span> <span class='ocrx_word' id='word_1_98' title='bbox 185 890 326 930; x_wconf 90' lang='lat' dir='ltr'>Anim.</span> <span class='ocrx_word' id='word_1_99' title='bbox 359 889 433 930; x_wconf 88' lang='lat' dir='ltr'><strong>IV.</strong></span> <span class='ocrx_word' id='word_1_100' title='bbox 459 903 496 939; x_wconf 86' lang='lat' dir='ltr'>p-</span> <span class='ocrx_word' id='word_1_101' title='bbox 522 893 615 931; x_wconf 90' lang='lat'><strong>111.</strong></span> <span class='ocrx_word' id='word_1_102' title='bbox 648 886 921 941; x_wconf 76' lang='grc' dir='ltr'><em>λαμβάνονται</em></span> <span class='ocrx_word' id='word_1_103' title='bbox 944 890 1073 934; x_wconf 79' lang='grc' dir='ltr'><em>δὲκαὶ</em></span> <span class='ocrx_word' id='word_1_104' title='bbox 1096 891 1289 950; x_wconf 75' lang='grc' dir='ltr'><em>λάβρακες</em></span> <span class='ocrx_word' id='word_1_105' title='bbox 1318 928 1504 941; x_wconf 75' lang='grc'><strong>.....</strong></span> 
     </span>
     <span class='ocr_line' id='line_1_13' title="bbox 41 940 1508 1006; baseline 0.006 -19"><span class='ocrx_word' id='word_1_106' title='bbox 41 943 239 998; x_wconf 79' lang='grc' dir='ltr'><strong><em>τριόδοντι</em></strong></span> <span class='ocrx_word' id='word_1_107' title='bbox 271 976 280 985; x_wconf 91' lang='grc'><strong>.</strong></span> <span class='ocrx_word' id='word_1_108' title='bbox 314 976 323 986; x_wconf 89' lang='grc'><strong>.</strong></span> <span class='ocrx_word' id='word_1_109' title='bbox 357 976 366 986; x_wconf 90' lang='grc'><strong>.</strong></span> <span class='ocrx_word' id='word_1_110' title='bbox 401 945 495 987; x_wconf 78' lang='grc' dir='ltr'><em>εἰδὲ</em></span> <span class='ocrx_word' id='word_1_111' title='bbox 521 942 597 997; x_wconf 79' lang='grc' dir='ltr'>μὴ,</span> <span class='ocrx_word' id='word_1_112' title='bbox 631 940 750 986; x_wconf 62' lang='grc' dir='ltr'><em>οὐδὲν</em></span> <span class='ocrx_word' id='word_1_113' title='bbox 769 947 883 987; x_wconf 80' lang='grc' dir='ltr'><em>δοκεῖ</em></span> <span class='ocrx_word' id='word_1_114' title='bbox 895 951 972 988; x_wconf 77' lang='grc' dir='ltr'><em>τῶν</em></span> <span class='ocrx_word' id='word_1_115' title='bbox 994 949 1190 991; x_wconf 83' lang='grc' dir='ltr'><em>τοιούτων</em></span> <span class='ocrx_word' id='word_1_116' title='bbox 1221 957 1434 1006; x_wconf 79' lang='grc' dir='ltr'><em>ληφθῆναι</em></span> <span class='ocrx_word' id='word_1_117' title='bbox 1462 959 1508 999; x_wconf 82' lang='grc' dir='ltr'><em>ἐν</em></span> 
     </span>
     <span class='ocr_line' id='line_1_14' title="bbox 39 1000 1507 1065; baseline 0.007 -23"><span class='ocrx_word' id='word_1_118' title='bbox 39 1005 96 1059; x_wconf 81' lang='grc' dir='ltr'>τῷ</span> <span class='ocrx_word' id='word_1_119' title='bbox 114 1000 328 1054; x_wconf 81' lang='grc' dir='ltr'><em>τριόδοντι.</em></span> <span class='ocrx_word' id='word_1_120' title='bbox 353 1001 542 1056; x_wconf 66' lang='lat' dir='ltr'>Tryphon</span> <span class='ocrx_word' id='word_1_121' title='bbox 568 1001 603 1039; x_wconf 87' lang='grc' dir='ltr'>Ῑ-</span> <span class='ocrx_word' id='word_1_122' title='bbox 637 1001 770 1039; x_wconf 79' lang='lat' dir='ltr'><strong>Anth·</strong></span> <span class='ocrx_word' id='word_1_123' title='bbox 795 1015 829 1040; x_wconf 83' lang='lat'>0·</span> <span class='ocrx_word' id='word_1_124' title='bbox 851 1008 916 1046; x_wconf 83' lang='lat'>37.</span> <span class='ocrx_word' id='word_1_125' title='bbox 946 1004 1026 1056; x_wconf 78' lang='lat' dir='ltr'>Ep.</span> <span class='ocrx_word' id='word_1_126' title='bbox 1051 1009 1116 1048; x_wconf 85' lang='lat'><strong>14.</strong></span> <span class='ocrx_word' id='word_1_127' title='bbox 1166 1005 1252 1048; x_wconf 71' lang='grc' dir='ltr'>Οὐκ</span> <span class='ocrx_word' id='word_1_128' title='bbox 1285 1007 1378 1061; x_wconf 72' lang='grc' dir='ltr'>ἇόρι</span> <span class='ocrx_word' id='word_1_129' title='bbox 1406 1019 1507 1065; x_wconf 79' lang='grc' dir='ltr'><em>πλη-</em></span> 
     </span>
     <span class='ocr_line' id='line_1_15' title="bbox 39 1053 1503 1113; baseline 0.003 -13"><span class='ocrx_word' id='word_1_130' title='bbox 39 1060 144 1113; x_wconf 76' lang='grc' dir='ltr'><em>γεὶς,</em></span> <span class='ocrx_word' id='word_1_131' title='bbox 176 1053 270 1100; x_wconf 75' lang='grc' dir='ltr'><em>οὐδ’</em></span> <span class='ocrx_word' id='word_1_132' title='bbox 294 1059 336 1100; x_wconf 84' lang='grc' dir='ltr'><em>ἒν</em></span> <span class='ocrx_word' id='word_1_133' title='bbox 357 1058 480 1110; x_wconf 77' lang='grc' dir='ltr'><em>βὲλει,</em></span> <span class='ocrx_word' id='word_1_134' title='bbox 515 1054 602 1098; x_wconf 70' lang='grc' dir='ltr'><em>ἀλλ’</em></span> <span class='ocrx_word' id='word_1_135' title='bbox 628 1058 688 1098; x_wconf 77' lang='grc' dir='ltr'>ἑνὶ</span> <span class='ocrx_word' id='word_1_136' title='bbox 716 1054 824 1106; x_wconf 82' lang='grc' dir='ltr'><em>σύκῳ</em></span> <span class='ocrx_word' id='word_1_137' title='bbox 850 1062 995 1100; x_wconf 74' lang='grc' dir='ltr'><em>Χείλεα</em></span> <span class='ocrx_word' id='word_1_138' title='bbox 1024 1083 1092 1100; x_wconf 87' lang='lat'><strong>—·-.</strong></span> <span class='ocrx_word' id='word_1_139' title='bbox 1133 1063 1315 1104; x_wconf 80' lang='lat' dir='ltr'>Arriano</span> <span class='ocrx_word' id='word_1_140' title='bbox 1340 1065 1407 1107; x_wconf 88' lang='lat' dir='ltr'>&#39;A.</span> <span class='ocrx_word' id='word_1_141' title='bbox 1436 1064 1503 1111; x_wconf 83' lang='grc' dir='ltr'>Ἀ,</span> 
     </span>
     <span class='ocr_line' id='line_1_16' title="bbox 39 1113 1507 1172; baseline 0.003 -18"><span class='ocrx_word' id='word_1_142' title='bbox 39 1114 125 1154; x_wconf 89' lang='grc' dir='ltr'><strong>ΙΙΙ.</strong></span> <span class='ocrx_word' id='word_1_143' title='bbox 149 1128 240 1166; x_wconf 87' lang='lat' dir='ltr'>cap.</span> <span class='ocrx_word' id='word_1_144' title='bbox 264 1119 331 1158; x_wconf 82' lang='lat'><strong>30.</strong></span> <span class='ocrx_word' id='word_1_145' title='bbox 364 1116 406 1155; x_wconf 79' lang='grc' dir='ltr'><em>ἐν</em></span> <span class='ocrx_word' id='word_1_146' title='bbox 427 1118 552 1170; x_wconf 78' lang='grc' dir='ltr'><em>κλοιῷ</em></span> <span class='ocrx_word' id='word_1_147' title='bbox 571 1116 714 1165; x_wconf 79' lang='grc' dir='ltr'><em>δῆσαι,</em></span> <span class='ocrx_word' id='word_1_148' title='bbox 750 1113 864 1166; x_wconf 83' lang='lat' dir='ltr'>quod</span> <span class='ocrx_word' id='word_1_149' title='bbox 889 1115 1002 1165; x_wconf 83' lang='lat' dir='ltr'>apud</span> <span class='ocrx_word' id='word_1_150' title='bbox 1023 1117 1323 1172; x_wconf 76' lang='lat' dir='ltr'><strong><em>Xenophontem</em></strong></span> <span class='ocrx_word' id='word_1_151' title='bbox 1343 1133 1385 1163; x_wconf 86' lang='lat' dir='ltr'>et</span> <span class='ocrx_word' id='word_1_152' title='bbox 1411 1125 1507 1164; x_wconf 88' lang='lat' dir='ltr'><strong>No..</strong></span> 
     </span>
     <span class='ocr_line' id='line_1_17' title="bbox 38 1168 1507 1231; baseline 0.003 -22"><span class='ocrx_word' id='word_1_153' title='bbox 38 1181 162 1210; x_wconf 77' lang='lat' dir='ltr'>sirum</span> <span class='ocrx_word' id='word_1_154' title='bbox 182 1171 252 1209; x_wconf 88' lang='lat' dir='ltr'>De</span> <span class='ocrx_word' id='word_1_155' title='bbox 271 1171 405 1210; x_wconf 74' lang='lat' dir='ltr'>Mero,</span> <span class='ocrx_word' id='word_1_156' title='bbox 434 1168 570 1208; x_wconf 85' lang='lat' dir='ltr'><strong>Cond.</strong></span> <span class='ocrx_word' id='word_1_157' title='bbox 599 1175 712 1212; x_wconf 77' lang='lat' dir='ltr'><strong>c.24.</strong></span> <span class='ocrx_word' id='word_1_158' title='bbox 745 1169 1072 1222; x_wconf 81' lang='lat' dir='ltr'>simpliciterest</span> <span class='ocrx_word' id='word_1_159' title='bbox 1096 1179 1219 1231; x_wconf 77' lang='grc' dir='ltr'><em>κλοιῷ</em></span> <span class='ocrx_word' id='word_1_160' title='bbox 1242 1179 1384 1227; x_wconf 76' lang='grc' dir='ltr'><em>δεθείς.</em></span> <span class='ocrx_word' id='word_1_161' title='bbox 1416 1182 1507 1220; x_wconf 63' lang='lat' dir='ltr'><strong>Ae..</strong></span> 
     </span>
     <span class='ocr_line' id='line_1_18' title="bbox 36 1223 1506 1291; baseline 0.004 -25"><span class='ocrx_word' id='word_1_162' title='bbox 36 1226 133 1266; x_wconf 80' lang='lat' dir='ltr'>lian.</span> <span class='ocrx_word' id='word_1_163' title='bbox 166 1227 214 1267; x_wconf 93' lang='lat' dir='ltr'>V.</span> <span class='ocrx_word' id='word_1_164' title='bbox 242 1227 297 1266; x_wconf 88' lang='lat' dir='ltr'>H.</span> <span class='ocrx_word' id='word_1_165' title='bbox 318 1226 444 1273; x_wconf 83' lang='lat' dir='ltr'>XIII,</span> <span class='ocrx_word' id='word_1_166' title='bbox 476 1232 511 1268; x_wconf 88' lang='grc'>1.</span> <span class='ocrx_word' id='word_1_167' title='bbox 545 1227 726 1279; x_wconf 78' lang='grc' dir='ltr'><em>ἐτρέφετο</em></span> <span class='ocrx_word' id='word_1_168' title='bbox 761 1227 804 1266; x_wconf 78' lang='grc' dir='ltr'><em>ἐν</em></span> <span class='ocrx_word' id='word_1_169' title='bbox 828 1223 963 1274; x_wconf 67' lang='grc' dir='ltr'><em>αὐτοῖς</em></span> <span class='ocrx_word' id='word_1_170' title='bbox 983 1228 1025 1269; x_wconf 78' lang='grc' dir='ltr'><em>ἐν</em></span> <span class='ocrx_word' id='word_1_171' title='bbox 1046 1226 1165 1286; x_wconf 80' lang='grc' dir='ltr'><em>ὄρείῳ</em></span> <span class='ocrx_word' id='word_1_172' title='bbox 1190 1236 1240 1286; x_wconf 80' lang='grc' dir='ltr'>τῇ</span> <span class='ocrx_word' id='word_1_173' title='bbox 1253 1241 1401 1291; x_wconf 71' lang='grc' dir='ltr'><em>τροφῇ·</em></span> <span class='ocrx_word' id='word_1_174' title='bbox 1428 1237 1506 1276; x_wconf 87' lang='lat' dir='ltr'>ubi</span> 
     </span>
     <span class='ocr_line' id='line_1_19' title="bbox 35 1281 1507 1346; baseline 0.003 -26"><span class='ocrx_word' id='word_1_175' title='bbox 35 1283 155 1336; x_wconf 81' lang='lat' dir='ltr'>prius</span> <span class='ocrx_word' id='word_1_176' title='bbox 175 1283 217 1323; x_wconf 83' lang='grc' dir='ltr'><em>ἐν</em></span> <span class='ocrx_word' id='word_1_177' title='bbox 234 1284 340 1321; x_wconf 84' lang='lat' dir='ltr'><strong>Mss.</strong></span> <span class='ocrx_word' id='word_1_178' title='bbox 355 1281 602 1320; x_wconf 84' lang='lat' dir='ltr'>auctoribus</span> <span class='ocrx_word' id='word_1_179' title='bbox 615 1292 678 1321; x_wconf 79' lang='lat' dir='ltr'>est</span> <span class='ocrx_word' id='word_1_180' title='bbox 699 1281 940 1322; x_wconf 81' lang='lat' dir='ltr'>delendum.</span> <span class='ocrx_word' id='word_1_181' title='bbox 974 1283 1092 1324; x_wconf 73' lang='lat' dir='ltr'>Philo</span> <span class='ocrx_word' id='word_1_182' title='bbox 1103 1291 1246 1328; x_wconf 81' lang='grc' dir='ltr'><em>Βελοπ,</em></span> <span class='ocrx_word' id='word_1_183' title='bbox 1260 1289 1311 1327; x_wconf 90' lang='lat' dir='ltr'>V.</span> <span class='ocrx_word' id='word_1_184' title='bbox 1333 1288 1507 1346; x_wconf 59' lang='lat' dir='ltr'>§2213an-</span> 
     </span>
     <span class='ocr_line' id='line_1_20' title="bbox 34 1334 1504 1401; baseline 0.005 -22"><span class='ocrx_word' id='word_1_185' title='bbox 34 1335 133 1395; x_wconf 56' lang='lat' dir='ltr'>ficas</span> <span class='ocrx_word' id='word_1_186' title='bbox 152 1340 471 1391; x_wconf 77' lang='grc' dir='ltr'><em>διαληλιμμένοις</em></span> <span class='ocrx_word' id='word_1_187' title='bbox 493 1340 535 1380; x_wconf 78' lang='grc' dir='ltr'><em>ἐν</em></span> <span class='ocrx_word' id='word_1_188' title='bbox 558 1334 735 1394; x_wconf 72' lang='grc' dir='ltr'><em>ἇμὸργῳ.</em></span> <span class='ocrx_word' id='word_1_189' title='bbox 769 1337 930 1378; x_wconf 80' lang='lat' dir='ltr'>Polemo</span> <span class='ocrx_word' id='word_1_190' title='bbox 954 1339 1192 1396; x_wconf 77' lang='lat' dir='ltr'>Physiogn.</span> <span class='ocrx_word' id='word_1_191' title='bbox 1224 1344 1259 1384; x_wconf 93' lang='lat' dir='ltr'><strong>I.</strong></span> <span class='ocrx_word' id='word_1_192' title='bbox 1287 1360 1381 1401; x_wconf 82' lang='lat' dir='ltr'><strong>pag.</strong></span> <span class='ocrx_word' id='word_1_193' title='bbox 1411 1354 1504 1391; x_wconf 80' lang='lat'><strong>170.</strong></span> 
     </span>
     <span class='ocr_line' id='line_1_21' title="bbox 33 1391 1504 1449; baseline 0.005 -13"><span class='ocrx_word' id='word_1_194' title='bbox 33 1392 275 1447; x_wconf 82' lang='grc' dir='ltr'><em>πειθόμενος</em></span> <span class='ocrx_word' id='word_1_195' title='bbox 293 1396 335 1436; x_wconf 78' lang='grc' dir='ltr'><em>ἐν</em></span> <span class='ocrx_word' id='word_1_196' title='bbox 355 1392 500 1449; x_wconf 80' lang='grc' dir='ltr'><em>δώροις</em></span> <span class='ocrx_word' id='word_1_197' title='bbox 515 1393 538 1436; x_wconf 81' lang='grc' dir='ltr'>ὁ</span> <span class='ocrx_word' id='word_1_198' title='bbox 552 1399 738 1443; x_wconf 80' lang='grc' dir='ltr'><em>τοιοῦτος</em></span> <span class='ocrx_word' id='word_1_199' title='bbox 753 1391 871 1448; x_wconf 73' lang='grc' dir='ltr'><em>ἀνήρ.</em></span> <span class='ocrx_word' id='word_1_200' title='bbox 887 1396 1097 1448; x_wconf 69' lang='lat' dir='ltr'>Antiphon</span> <span class='ocrx_word' id='word_1_201' title='bbox 1121 1398 1172 1437; x_wconf 86' lang='lat' dir='ltr'>de</span> <span class='ocrx_word' id='word_1_202' title='bbox 1193 1399 1355 1440; x_wconf 83' lang='lat' dir='ltr'><strong>Herod.</strong></span> <span class='ocrx_word' id='word_1_203' title='bbox 1374 1403 1504 1445; x_wconf 85' lang='lat' dir='ltr'><strong>Caed.</strong></span> 
     </span>
     <span class='ocr_line' id='line_1_22' title="bbox 34 1446 1503 1511; baseline 0.004 -19"><span class='ocrx_word' id='word_1_204' title='bbox 34 1464 76 1505; x_wconf 82' lang='lat' dir='ltr'><strong>p.</strong></span> <span class='ocrx_word' id='word_1_205' title='bbox 104 1456 196 1495; x_wconf 84' lang='lat'><strong>136.</strong></span> <span class='ocrx_word' id='word_1_206' title='bbox 218 1466 255 1490; x_wconf 86' lang='lat' dir='ltr'><strong>v.</strong></span> <span class='ocrx_word' id='word_1_207' title='bbox 283 1456 343 1494; x_wconf 87' lang='lat'><strong>18.</strong></span> <span class='ocrx_word' id='word_1_208' title='bbox 379 1449 426 1492; x_wconf 80' lang='grc' dir='ltr'>σύ</span> <span class='ocrx_word' id='word_1_209' title='bbox 447 1452 489 1492; x_wconf 83' lang='grc' dir='ltr'>δέ</span> <span class='ocrx_word' id='word_1_210' title='bbox 505 1468 550 1504; x_wconf 86' lang='grc' dir='ltr'>με</span> <span class='ocrx_word' id='word_1_211' title='bbox 569 1453 610 1492; x_wconf 82' lang='grc' dir='ltr'><em>ἐν</em></span> <span class='ocrx_word' id='word_1_212' title='bbox 645 1446 797 1501; x_wconf 78' lang='grc' dir='ltr'><em>ἇφανεῖ</em></span> <span class='ocrx_word' id='word_1_213' title='bbox 823 1447 927 1505; x_wconf 79' lang='grc' dir='ltr'><em>λόγῳ</em></span> <span class='ocrx_word' id='word_1_214' title='bbox 958 1455 1084 1504; x_wconf 76' lang='grc' dir='ltr'><em>ζητεῖς</em></span> <span class='ocrx_word' id='word_1_215' title='bbox 1112 1449 1323 1496; x_wconf 66' lang='grc' dir='ltr'><em>ἀπολέσαι·</em></span> <span class='ocrx_word' id='word_1_216' title='bbox 1359 1461 1503 1511; x_wconf 76' lang='lat' dir='ltr'>qualia</span> 
     </span>
     <span class='ocr_line' id='line_1_23' title="bbox 32 1506 1502 1567; baseline 0.001 -22"><span class='ocrx_word' id='word_1_217' title='bbox 32 1508 203 1546; x_wconf 85' lang='lat' dir='ltr'>notavit</span> <span class='ocrx_word' id='word_1_218' title='bbox 223 1521 275 1546; x_wconf 85' lang='lat' dir='ltr'>ex</span> <span class='ocrx_word' id='word_1_219' title='bbox 298 1507 504 1546; x_wconf 71' lang='lat' dir='ltr'>Herodoto</span> <span class='ocrx_word' id='word_1_220' title='bbox 522 1507 692 1559; x_wconf 72' lang='lat' dir='ltr'>Raphel.</span> <span class='ocrx_word' id='word_1_221' title='bbox 726 1506 777 1545; x_wconf 80' lang='lat' dir='ltr'>ad</span> <span class='ocrx_word' id='word_1_222' title='bbox 797 1512 832 1548; x_wconf 92' lang='lat'><strong>1.</strong></span> <span class='ocrx_word' id='word_1_223' title='bbox 856 1506 1004 1545; x_wconf 82' lang='lat' dir='ltr'><strong>Thess.</strong></span> <span class='ocrx_word' id='word_1_224' title='bbox 1027 1507 1104 1557; x_wconf 90' lang='lat' dir='ltr'>IV,</span> <span class='ocrx_word' id='word_1_225' title='bbox 1144 1516 1205 1554; x_wconf 81' lang='lat'>18,</span> <span class='ocrx_word' id='word_1_226' title='bbox 1242 1513 1435 1554; x_wconf 64' lang='lat' dir='ltr'>RIanetho</span> <span class='ocrx_word' id='word_1_227' title='bbox 1462 1517 1502 1567; x_wconf 58' lang='lat' dir='ltr'>I,</span> 
     </span>
     <span class='ocr_line' id='line_1_24' title="bbox 30 1560 1500 1620; baseline 0.003 -14"><span class='ocrx_word' id='word_1_228' title='bbox 30 1567 130 1608; x_wconf 80' lang='lat'><strong>239·</strong></span> <span class='ocrx_word' id='word_1_229' title='bbox 161 1585 218 1595; x_wconf 89' lang='lat'>—</span> <span class='ocrx_word' id='word_1_230' title='bbox 248 1564 291 1605; x_wconf 75' lang='grc' dir='ltr'><em>ἐν</em></span> <span class='ocrx_word' id='word_1_231' title='bbox 309 1569 511 1616; x_wconf 84' lang='grc' dir='ltr'><em>κατοχαῑσι</em></span> <span class='ocrx_word' id='word_1_232' title='bbox 538 1568 647 1604; x_wconf 74' lang='grc' dir='ltr'><em>θεῶν</em></span> <span class='ocrx_word' id='word_1_233' title='bbox 667 1564 935 1615; x_wconf 79' lang='grc' dir='ltr'><em>πεπεδημένοι</em></span> <span class='ocrx_word' id='word_1_234' title='bbox 958 1560 1033 1604; x_wconf 64' lang='lat' dir='ltr'>visi·</span> <span class='ocrx_word' id='word_1_235' title='bbox 1070 1564 1204 1616; x_wconf 76' lang='lat' dir='ltr'><strong>Quint.</strong></span> <span class='ocrx_word' id='word_1_236' title='bbox 1223 1567 1359 1611; x_wconf 73' lang='lat' dir='ltr'>Calah.</span> <span class='ocrx_word' id='word_1_237' title='bbox 1375 1571 1500 1620; x_wconf 80' lang='lat' dir='ltr'>VIII,</span> 
     </span>
     <span class='ocr_line' id='line_1_25' title="bbox 31 1614 1503 1678; baseline 0 -16"><span class='ocrx_word' id='word_1_238' title='bbox 31 1624 70 1663; x_wconf 81' lang='lat'><strong>9.</strong></span> <span class='ocrx_word' id='word_1_239' title='bbox 110 1643 167 1651; x_wconf 90' lang='lat'><strong>—</strong></span> <span class='ocrx_word' id='word_1_240' title='bbox 204 1624 309 1673; x_wconf 84' lang='grc' dir='ltr'><em>νῆας</em></span> <span class='ocrx_word' id='word_1_241' title='bbox 334 1615 373 1660; x_wconf 84' lang='grc' dir='ltr'>τ’</span> <span class='ocrx_word' id='word_1_242' title='bbox 399 1617 628 1673; x_wconf 67' lang='grc' dir='ltr'><em>ἆμ-αθύνειν</em></span> <span class='ocrx_word' id='word_1_243' title='bbox 647 1614 718 1661; x_wconf 83' lang='grc' dir='ltr'><em>Ἐν</em></span> <span class='ocrx_word' id='word_1_244' title='bbox 748 1621 845 1673; x_wconf 83' lang='grc' dir='ltr'><em>πυρὶ</em></span> <span class='ocrx_word' id='word_1_245' title='bbox 864 1621 1056 1674; x_wconf 76' lang='grc' dir='ltr'><em>λευγαλέῳ</em></span> <span class='ocrx_word' id='word_1_246' title='bbox 1089 1644 1158 1662; x_wconf 90' lang='lat'><strong>—.</strong></span> <span class='ocrx_word' id='word_1_247' title='bbox 1222 1624 1376 1678; x_wconf 73' lang='lat' dir='ltr'>Neque</span> <span class='ocrx_word' id='word_1_248' title='bbox 1410 1638 1503 1666; x_wconf 80' lang='lat' dir='ltr'>erat</span> 
     </span>
     <span class='ocr_line' id='line_1_26' title="bbox 33 1674 1499 1733; baseline 0.002 -19"><span class='ocrx_word' id='word_1_249' title='bbox 33 1690 195 1725; x_wconf 85' lang='lat' dir='ltr'>caussa,</span> <span class='ocrx_word' id='word_1_250' title='bbox 212 1691 284 1714; x_wconf 77' lang='lat' dir='ltr'>cur</span> <span class='ocrx_word' id='word_1_251' title='bbox 307 1676 554 1714; x_wconf 73' lang='lat' dir='ltr'>Neecllzamus</span> <span class='ocrx_word' id='word_1_252' title='bbox 581 1675 760 1715; x_wconf 55' lang='lat' dir='ltr'>Ham-oeli</span> <span class='ocrx_word' id='word_1_253' title='bbox 780 1674 965 1714; x_wconf 82' lang='lat' dir='ltr'>demeret</span> <span class='ocrx_word' id='word_1_254' title='bbox 988 1675 1041 1713; x_wconf 89' lang='lat' dir='ltr'>ad</span> <span class='ocrx_word' id='word_1_255' title='bbox 1058 1676 1162 1717; x_wconf 88' lang='lat' dir='ltr'><strong>Aur.</strong></span> <span class='ocrx_word' id='word_1_256' title='bbox 1188 1678 1324 1720; x_wconf 85' lang='lat' dir='ltr'>Carm,</span> <span class='ocrx_word' id='word_1_257' title='bbox 1347 1696 1386 1733; x_wconf 89' lang='lat' dir='ltr'>p.</span> <span class='ocrx_word' id='word_1_258' title='bbox 1402 1688 1499 1727; x_wconf 76' lang='lat'>206,</span> 
     </span>
     <span class='ocr_line' id='line_1_27' title="bbox 27 1728 1499 1790; baseline 0.003 -17"><span class='ocrx_word' id='word_1_259' title='bbox 27 1730 104 1784; x_wconf 72' lang='grc' dir='ltr'><em>τὴν</em></span> <span class='ocrx_word' id='word_1_260' title='bbox 137 1730 288 1786; x_wconf 70' lang='grc' dir='ltr'><em>λυγρὰν</em></span> <span class='ocrx_word' id='word_1_261' title='bbox 318 1732 400 1785; x_wconf 74' lang='grc' dir='ltr'><em>ἔριν</em></span> <span class='ocrx_word' id='word_1_262' title='bbox 426 1728 680 1786; x_wconf 75' lang='grc' dir='ltr'><em>περικόπτων</em></span> <span class='ocrx_word' id='word_1_263' title='bbox 714 1733 755 1772; x_wconf 82' lang='grc' dir='ltr'><em>ἒν</em></span> <span class='ocrx_word' id='word_1_264' title='bbox 792 1733 963 1783; x_wconf 75' lang='grc' dir='ltr'><em>ἑκουσίῳ</em></span> <span class='ocrx_word' id='word_1_265' title='bbox 992 1737 1115 1787; x_wconf 75' lang='grc' dir='ltr'><strong><em>φυγῇ.</em></strong></span> <span class='ocrx_word' id='word_1_266' title='bbox 1187 1731 1341 1774; x_wconf 87' lang='lat' dir='ltr'>Verum</span> <span class='ocrx_word' id='word_1_267' title='bbox 1371 1736 1499 1790; x_wconf 81' lang='lat' dir='ltr'><strong>hujus</strong></span> 
     </span>
     <span class='ocr_line' id='line_1_28' title="bbox 31 1787 1498 1849; baseline 0.004 -23"><span class='ocrx_word' id='word_1_268' title='bbox 31 1787 200 1843; x_wconf 85' lang='lat' dir='ltr'>generis</span> <span class='ocrx_word' id='word_1_269' title='bbox 223 1790 413 1839; x_wconf 81' lang='lat' dir='ltr'>exempla</span> <span class='ocrx_word' id='word_1_270' title='bbox 438 1801 611 1825; x_wconf 79' lang='lat' dir='ltr'>numero</span> <span class='ocrx_word' id='word_1_271' title='bbox 637 1796 804 1826; x_wconf 82' lang='lat' dir='ltr'>carent:</span> <span class='ocrx_word' id='word_1_272' title='bbox 837 1787 936 1826; x_wconf 85' lang='lat' dir='ltr'>vide</span> <span class='ocrx_word' id='word_1_273' title='bbox 976 1788 1050 1826; x_wconf 69' lang='lat' dir='ltr'><strong>le.</strong></span> <span class='ocrx_word' id='word_1_274' title='bbox 1071 1789 1279 1830; x_wconf 55' lang='lat' dir='ltr'>Manca-er.</span> <span class='ocrx_word' id='word_1_275' title='bbox 1312 1791 1365 1830; x_wconf 83' lang='lat' dir='ltr'>ad</span> <span class='ocrx_word' id='word_1_276' title='bbox 1396 1794 1498 1849; x_wconf 85' lang='lat' dir='ltr'><em>Hy·-</em></span> 
     </span>
     <span class='ocr_line' id='line_1_29' title="bbox 26 1836 1499 1900; baseline 0.004 -18"><span class='ocrx_word' id='word_1_277' title='bbox 26 1847 112 1897; x_wconf 76' lang='lat' dir='ltr'>gin.</span> <span class='ocrx_word' id='word_1_278' title='bbox 131 1844 180 1884; x_wconf 90' lang='lat' dir='ltr'><strong>F.</strong></span> <span class='ocrx_word' id='word_1_279' title='bbox 199 1843 296 1882; x_wconf 85' lang='lat' dir='ltr'><strong>XX.</strong></span> <span class='ocrx_word' id='word_1_280' title='bbox 330 1857 452 1896; x_wconf 71' lang='lat' dir='ltr'>quem</span> <span class='ocrx_word' id='word_1_281' title='bbox 475 1843 651 1881; x_wconf 82' lang='lat' dir='ltr'>Luciani</span> <span class='ocrx_word' id='word_1_282' title='bbox 678 1845 797 1881; x_wconf 89' lang='lat' dir='ltr'>locus</span> <span class='ocrx_word' id='word_1_283' title='bbox 821 1836 941 1882; x_wconf 83' lang='lat' dir='ltr'>hicce</span> <span class='ocrx_word' id='word_1_284' title='bbox 962 1856 1049 1882; x_wconf 90' lang='lat' dir='ltr'>non</span> <span class='ocrx_word' id='word_1_285' title='bbox 1074 1844 1240 1900; x_wconf 80' lang='lat' dir='ltr'>effugit.</span> <span class='ocrx_word' id='word_1_286' title='bbox 1303 1848 1406 1886; x_wconf 90' lang='lat' dir='ltr'>Erat</span> <span class='ocrx_word' id='word_1_287' title='bbox 1425 1865 1499 1888; x_wconf 83' lang='lat' dir='ltr'>au·</span> 
     </span>
     <span class='ocr_line' id='line_1_30' title="bbox 31 1897 1497 1960; baseline 0 -21"><span class='ocrx_word' id='word_1_288' title='bbox 31 1909 115 1939; x_wconf 83' lang='lat' dir='ltr'>tem</span> <span class='ocrx_word' id='word_1_289' title='bbox 142 1899 260 1955; x_wconf 85' lang='lat' dir='ltr'>virga</span> <span class='ocrx_word' id='word_1_290' title='bbox 281 1898 491 1939; x_wconf 86' lang='lat' dir='ltr'>Mercurii</span> <span class='ocrx_word' id='word_1_291' title='bbox 513 1897 835 1950; x_wconf 84' lang='lat' dir='ltr'>potentissimae</span> <span class='ocrx_word' id='word_1_292' title='bbox 870 1899 1065 1948; x_wconf 83' lang='lat' dir='ltr'>virtutis,</span> <span class='ocrx_word' id='word_1_293' title='bbox 1108 1915 1154 1938; x_wconf 89' lang='lat' dir='ltr'>ac</span> <span class='ocrx_word' id='word_1_294' title='bbox 1194 1916 1327 1954; x_wconf 83' lang='lat' dir='ltr'>paene</span> <span class='ocrx_word' id='word_1_295' title='bbox 1357 1906 1497 1960; x_wconf 81' lang='lat' dir='ltr'>magi..</span> 
     </span>
     <span class='ocr_line' id='line_1_31' title="bbox 13 1953 1495 2010; baseline 0.003 -16"><span class='ocrx_word' id='word_1_296' title='bbox 13 1969 120 2005; x_wconf 52' lang='lat' dir='ltr'>tae,</span> <span class='ocrx_word' id='word_1_297' title='bbox 151 1970 254 2010; x_wconf 87' lang='lat' dir='ltr'>qua,</span> <span class='ocrx_word' id='word_1_298' title='bbox 289 1956 322 1994; x_wconf 90' lang='lat' dir='ltr'>si</span> <span class='ocrx_word' id='word_1_299' title='bbox 342 1954 485 2001; x_wconf 79' lang='lat' dir='ltr'>vellet,</span> <span class='ocrx_word' id='word_1_300' title='bbox 519 1953 686 1992; x_wconf 80' lang='lat' dir='ltr'>admota</span> <span class='ocrx_word' id='word_1_301' title='bbox 711 1955 869 1994; x_wconf 79' lang='lat' dir='ltr'>formas</span> <span class='ocrx_word' id='word_1_302' title='bbox 890 1955 993 1992; x_wconf 81' lang='lat' dir='ltr'>alias</span> <span class='ocrx_word' id='word_1_303' title='bbox 1019 1955 1270 1996; x_wconf 80' lang='lat' dir='ltr'>inducebat:</span> <span class='ocrx_word' id='word_1_304' title='bbox 1304 1960 1365 1999; x_wconf 84' lang='lat' dir='ltr'>sic</span> <span class='ocrx_word' id='word_1_305' title='bbox 1392 1960 1495 2000; x_wconf 79' lang='lat' dir='ltr'>Cad.</span> 
     </span>
     <span class='ocr_line' id='line_1_32' title="bbox 29 2011 1494 2063; baseline 0.002 -11"><span class='ocrx_word' id='word_1_306' title='bbox 29 2028 136 2052; x_wconf 76' lang='lat' dir='ltr'>:mum</span> <span class='ocrx_word' id='word_1_307' title='bbox 157 2028 227 2051; x_wconf 82' lang='lat' dir='ltr'>suo</span> <span class='ocrx_word' id='word_1_308' title='bbox 250 2011 421 2052; x_wconf 79' lang='lat' dir='ltr'>caduceo</span> <span class='ocrx_word' id='word_1_309' title='bbox 450 2021 597 2050; x_wconf 76' lang='lat' dir='ltr'>tactum</span> <span class='ocrx_word' id='word_1_310' title='bbox 616 2013 729 2048; x_wconf 78' lang='lat' dir='ltr'>vertit</span> <span class='ocrx_word' id='word_1_311' title='bbox 748 2013 788 2050; x_wconf 73' lang='lat' dir='ltr'>in</span> <span class='ocrx_word' id='word_1_312' title='bbox 811 2022 1041 2063; x_wconf 74' lang='lat' dir='ltr'>serpentem,</span> <span class='ocrx_word' id='word_1_313' title='bbox 1075 2020 1183 2052; x_wconf 84' lang='lat' dir='ltr'>teste</span> <span class='ocrx_word' id='word_1_314' title='bbox 1215 2014 1350 2055; x_wconf 74' lang='lat' dir='ltr'>Schol.</span> <span class='ocrx_word' id='word_1_315' title='bbox 1387 2016 1494 2057; x_wconf 70' lang='lat' dir='ltr'>Cru-</span> 
     </span>
     <span class='ocr_line' id='line_1_33' title="bbox 28 2066 1495 2126; baseline -0.003 -19"><span class='ocrx_word' id='word_1_316' title='bbox 28 2071 178 2123; x_wconf 79' lang='lat' dir='ltr'>quiano</span> <span class='ocrx_word' id='word_1_317' title='bbox 199 2066 251 2106; x_wconf 86' lang='lat' dir='ltr'>ad</span> <span class='ocrx_word' id='word_1_318' title='bbox 280 2068 429 2106; x_wconf 74' lang='lat' dir='ltr'>Horat.</span> <span class='ocrx_word' id='word_1_319' title='bbox 461 2067 508 2106; x_wconf 76' lang='lat' dir='ltr'><strong>A.</strong></span> <span class='ocrx_word' id='word_1_320' title='bbox 540 2067 586 2104; x_wconf 93' lang='grc' dir='ltr'>Ρ.</span> <span class='ocrx_word' id='word_1_321' title='bbox 622 2080 661 2105; x_wconf 82' lang='lat' dir='ltr'><strong>v.</strong></span> <span class='ocrx_word' id='word_1_322' title='bbox 692 2071 784 2109; x_wconf 82' lang='lat'><strong>187.</strong></span> <span class='ocrx_word' id='word_1_323' title='bbox 828 2067 925 2105; x_wconf 81' lang='lat' dir='ltr'>ideo</span> <span class='ocrx_word' id='word_1_324' title='bbox 955 2071 1190 2120; x_wconf 67' lang='grc' dir='ltr'><em>θαυμασίαν</em></span> <span class='ocrx_word' id='word_1_325' title='bbox 1217 2067 1292 2122; x_wconf 67' lang='grc' dir='ltr'>τήν</span> <span class='ocrx_word' id='word_1_326' title='bbox 1324 2071 1495 2126; x_wconf 55' lang='grc' dir='ltr'>δύναμιν</span> 
     </span>
     <span class='ocr_line' id='line_1_34' title="bbox 32 2121 1493 2179; baseline 0.003 -17"><span class='ocrx_word' id='word_1_327' title='bbox 32 2124 147 2162; x_wconf 84' lang='lat' dir='ltr'>dixit</span> <span class='ocrx_word' id='word_1_328' title='bbox 174 2126 331 2177; x_wconf 91' lang='lat' dir='ltr'>Apollo</span> <span class='ocrx_word' id='word_1_329' title='bbox 353 2123 489 2164; x_wconf 77' lang='lat' dir='ltr'>Dian.</span> <span class='ocrx_word' id='word_1_330' title='bbox 513 2123 647 2160; x_wconf 88' lang='lat' dir='ltr'>Deor.</span> <span class='ocrx_word' id='word_1_331' title='bbox 675 2121 771 2164; x_wconf 80' lang='lat' dir='ltr'><strong>VII.</strong></span> <span class='ocrx_word' id='word_1_332' title='bbox 817 2123 1001 2163; x_wconf 73' lang='lat' dir='ltr'><strong>IIEMST.</strong></span> <span class='ocrx_word' id='word_1_333' title='bbox 1064 2124 1158 2162; x_wconf 86' lang='lat' dir='ltr'>Vim</span> <span class='ocrx_word' id='word_1_334' title='bbox 1185 2126 1493 2179; x_wconf 72' lang='lat' dir='ltr'>instrumenta-</span> 
     </span>
     <span class='ocr_line' id='line_1_35' title="bbox 30 2177 1490 2238; baseline 0.001 -20"><span class='ocrx_word' id='word_1_335' title='bbox 30 2182 136 2231; x_wconf 81' lang='lat' dir='ltr'>lem,</span> <span class='ocrx_word' id='word_1_336' title='bbox 189 2195 313 2233; x_wconf 87' lang='lat' dir='ltr'>quam</span> <span class='ocrx_word' id='word_1_337' title='bbox 357 2178 633 2218; x_wconf 79' lang='lat' dir='ltr'>Grammatici</span> <span class='ocrx_word' id='word_1_338' title='bbox 663 2177 837 2228; x_wconf 78' lang='lat' dir='ltr'>dicunt,</span> <span class='ocrx_word' id='word_1_339' title='bbox 886 2179 1206 2232; x_wconf 80' lang='lat' dir='ltr'>Praepositioni</span> <span class='ocrx_word' id='word_1_340' title='bbox 1247 2184 1289 2224; x_wconf 81' lang='grc' dir='ltr'><em>ἐν</em></span> <span class='ocrx_word' id='word_1_341' title='bbox 1327 2186 1490 2238; x_wconf 76' lang='lat' dir='ltr'>aliqua..</span> 
     </span>
     <span class='ocr_line' id='line_1_36' title="bbox 29 2235 1490 2295; baseline 0.002 -20"><span class='ocrx_word' id='word_1_342' title='bbox 29 2245 153 2275; x_wconf 81' lang='lat' dir='ltr'>tenus</span> <span class='ocrx_word' id='word_1_343' title='bbox 189 2236 320 2275; x_wconf 88' lang='lat' dir='ltr'>tribui</span> <span class='ocrx_word' id='word_1_344' title='bbox 353 2249 498 2288; x_wconf 84' lang='lat' dir='ltr'>posse,</span> <span class='ocrx_word' id='word_1_345' title='bbox 538 2243 745 2288; x_wconf 84' lang='lat' dir='ltr'>quatenus</span> <span class='ocrx_word' id='word_1_346' title='bbox 778 2235 945 2274; x_wconf 83' lang='lat' dir='ltr'>scilicet</span> <span class='ocrx_word' id='word_1_347' title='bbox 976 2235 1022 2272; x_wconf 86' lang='lat' dir='ltr'>in</span> <span class='ocrx_word' id='word_1_348' title='bbox 1052 2250 1305 2292; x_wconf 83' lang='lat' dir='ltr'>unaquaque</span> <span class='ocrx_word' id='word_1_349' title='bbox 1339 2241 1490 2295; x_wconf 75' lang='lat' dir='ltr'>lingua</span> 
     </span>
     <span class='ocr_line' id='line_1_37' title="bbox 30 2289 1487 2346; baseline 0.002 -16"><span class='ocrx_word' id='word_1_350' title='bbox 30 2293 235 2331; x_wconf 83' lang='lat' dir='ltr'>notiones</span> <span class='ocrx_word' id='word_1_351' title='bbox 257 2291 418 2330; x_wconf 80' lang='lat' dir='ltr'>adfines</span> <span class='ocrx_word' id='word_1_352' title='bbox 437 2289 734 2330; x_wconf 76' lang='lat' dir='ltr'>transferendo</span> <span class='ocrx_word' id='word_1_353' title='bbox 765 2290 1022 2342; x_wconf 84' lang='lat' dir='ltr'>permutari,</span> <span class='ocrx_word' id='word_1_354' title='bbox 1056 2301 1098 2330; x_wconf 86' lang='lat' dir='ltr'>et</span> <span class='ocrx_word' id='word_1_355' title='bbox 1129 2307 1213 2332; x_wconf 86' lang='lat' dir='ltr'>una</span> <span class='ocrx_word' id='word_1_356' title='bbox 1245 2309 1321 2346; x_wconf 86' lang='lat' dir='ltr'>pro</span> <span class='ocrx_word' id='word_1_357' title='bbox 1358 2300 1487 2337; x_wconf 73' lang='lat' dir='ltr'>altera</span> 
     </span>
     <span class='ocr_line' id='line_1_38' title="bbox 30 2345 1486 2405; baseline 0.002 -18"><span class='ocrx_word' id='word_1_358' title='bbox 30 2348 212 2401; x_wconf 82' lang='lat' dir='ltr'>cogitari</span> <span class='ocrx_word' id='word_1_359' title='bbox 234 2348 395 2401; x_wconf 75' lang='lat' dir='ltr'>possit,</span> <span class='ocrx_word' id='word_1_360' title='bbox 430 2361 515 2386; x_wconf 86' lang='lat' dir='ltr'>non</span> <span class='ocrx_word' id='word_1_361' title='bbox 537 2345 734 2399; x_wconf 82' lang='lat' dir='ltr'>equidem</span> <span class='ocrx_word' id='word_1_362' title='bbox 763 2347 949 2400; x_wconf 78' lang='lat' dir='ltr'>negabo:</span> <span class='ocrx_word' id='word_1_363' title='bbox 983 2348 1042 2385; x_wconf 84' lang='lat' dir='ltr'>ita</span> <span class='ocrx_word' id='word_1_364' title='bbox 1082 2363 1158 2387; x_wconf 87' lang='lat' dir='ltr'>nec</span> <span class='ocrx_word' id='word_1_365' title='bbox 1179 2349 1263 2388; x_wconf 86' lang='lat' dir='ltr'>hoc</span> <span class='ocrx_word' id='word_1_366' title='bbox 1294 2353 1486 2405; x_wconf 76' lang='lat' dir='ltr'>negabo,</span> 
     </span>
     <span class='ocr_line' id='line_1_39' title="bbox 29 2399 1489 2460; baseline 0.001 -15"><span class='ocrx_word' id='word_1_367' title='bbox 29 2406 339 2458; x_wconf 78' lang='grc' dir='ltr'><em>διαγωνίζεσθαι</em></span> <span class='ocrx_word' id='word_1_368' title='bbox 358 2405 398 2445; x_wconf 74' lang='grc' dir='ltr'><em>ἐν</em></span> <span class='ocrx_word' id='word_1_369' title='bbox 419 2400 576 2452; x_wconf 75' lang='grc' dir='ltr'><em>ὅπλοις,</em></span> <span class='ocrx_word' id='word_1_370' title='bbox 610 2399 793 2453; x_wconf 76' lang='grc' dir='ltr'><em>φονεύειν</em></span> <span class='ocrx_word' id='word_1_371' title='bbox 812 2405 853 2444; x_wconf 77' lang='grc' dir='ltr'><em>ἐν</em></span> <span class='ocrx_word' id='word_1_372' title='bbox 875 2401 1075 2451; x_wconf 65' lang='grc' dir='ltr'><em>ἀκοντίοις</em></span> <span class='ocrx_word' id='word_1_373' title='bbox 1096 2414 1139 2444; x_wconf 86' lang='lat' dir='ltr'>et</span> <span class='ocrx_word' id='word_1_374' title='bbox 1159 2409 1291 2444; x_wconf 79' lang='lat' dir='ltr'>multa</span> <span class='ocrx_word' id='word_1_375' title='bbox 1313 2408 1489 2460; x_wconf 76' lang='lat' dir='ltr'>similia,</span> 
     </span>
     <span class='ocr_line' id='line_1_40' title="bbox 31 2458 1484 2516; baseline 0.003 -18"><span class='ocrx_word' id='word_1_376' title='bbox 31 2474 139 2513; x_wconf 84' lang='lat' dir='ltr'>quae</span> <span class='ocrx_word' id='word_1_377' title='bbox 162 2460 476 2500; x_wconf 72' lang='lat' dir='ltr'>Hemsterlmsius</span> <span class='ocrx_word' id='word_1_378' title='bbox 496 2473 518 2497; x_wconf 85' lang='lat' dir='ltr'>e</span> <span class='ocrx_word' id='word_1_379' title='bbox 544 2458 753 2496; x_wconf 82' lang='lat' dir='ltr'>thesauris</span> <span class='ocrx_word' id='word_1_380' title='bbox 777 2460 863 2498; x_wconf 83' lang='lat' dir='ltr'>suis</span> <span class='ocrx_word' id='word_1_381' title='bbox 895 2459 1127 2512; x_wconf 82' lang='lat' dir='ltr'>depromsit</span> <span class='ocrx_word' id='word_1_382' title='bbox 1161 2465 1225 2500; x_wconf 74' lang='lat' dir='ltr'>vel</span> <span class='ocrx_word' id='word_1_383' title='bbox 1261 2464 1484 2516; x_wconf 84' lang='lat' dir='ltr'>profudit,</span> 
     </span>
     <span class='ocr_line' id='line_1_41' title="bbox 31 2513 1487 2569; baseline 0.003 -15"><span class='ocrx_word' id='word_1_384' title='bbox 31 2526 146 2554; x_wconf 77' lang='lat' dir='ltr'>recte</span> <span class='ocrx_word' id='word_1_385' title='bbox 170 2516 256 2555; x_wconf 87' lang='lat' dir='ltr'>dici</span> <span class='ocrx_word' id='word_1_386' title='bbox 279 2530 424 2569; x_wconf 86' lang='lat' dir='ltr'>posse,</span> <span class='ocrx_word' id='word_1_387' title='bbox 459 2513 586 2553; x_wconf 86' lang='lat' dir='ltr'>modo</span> <span class='ocrx_word' id='word_1_388' title='bbox 612 2513 693 2553; x_wconf 86' lang='lat' dir='ltr'>hoc</span> <span class='ocrx_word' id='word_1_389' title='bbox 715 2524 931 2566; x_wconf 81' lang='lat' dir='ltr'>teneatur,</span> <span class='ocrx_word' id='word_1_390' title='bbox 963 2529 1017 2555; x_wconf 87' lang='lat' dir='ltr'>ne</span> <span class='ocrx_word' id='word_1_391' title='bbox 1036 2517 1149 2556; x_wconf 87' lang='lat' dir='ltr'>forte</span> <span class='ocrx_word' id='word_1_392' title='bbox 1167 2517 1213 2555; x_wconf 90' lang='lat' dir='ltr'>in</span> <span class='ocrx_word' id='word_1_393' title='bbox 1236 2519 1487 2560; x_wconf 87' lang='lat' dir='ltr'>immensum</span> 
     </span>
     <span class='ocr_line' id='line_1_42' title="bbox 31 2570 1486 2624; baseline 0.004 -14"><span class='ocrx_word' id='word_1_394' title='bbox 31 2573 341 2624; x_wconf 81' lang='lat' dir='ltr'>exspatiemur,</span> <span class='ocrx_word' id='word_1_395' title='bbox 398 2570 612 2624; x_wconf 87' lang='lat' dir='ltr'>propriam</span> <span class='ocrx_word' id='word_1_396' title='bbox 654 2570 991 2623; x_wconf 86' lang='lat' dir='ltr'>Praepositionis</span> <span class='ocrx_word' id='word_1_397' title='bbox 1031 2574 1073 2614; x_wconf 81' lang='grc' dir='ltr'><em>ἐν</em></span> <span class='ocrx_word' id='word_1_398' title='bbox 1102 2572 1289 2613; x_wconf 77' lang='lat' dir='ltr'>indolem</span> <span class='ocrx_word' id='word_1_399' title='bbox 1320 2590 1367 2615; x_wconf 85' lang='lat' dir='ltr'>ac</span> <span class='ocrx_word' id='word_1_400' title='bbox 1398 2578 1486 2616; x_wconf 86' lang='lat' dir='ltr'>vim</span> 
     </span>
     <span class='ocr_line' id='line_1_43' title="bbox 30 2625 1488 2682; baseline 0.005 -18"><span class='ocrx_word' id='word_1_401' title='bbox 30 2626 155 2665; x_wconf 87' lang='lat' dir='ltr'>aliam</span> <span class='ocrx_word' id='word_1_402' title='bbox 175 2642 284 2678; x_wconf 86' lang='lat' dir='ltr'>esse,</span> <span class='ocrx_word' id='word_1_403' title='bbox 320 2638 445 2682; x_wconf 82' lang='lat' dir='ltr'>atque</span> <span class='ocrx_word' id='word_1_404' title='bbox 467 2626 568 2665; x_wconf 86' lang='lat' dir='ltr'>meri</span> <span class='ocrx_word' id='word_1_405' title='bbox 590 2625 801 2676; x_wconf 85' lang='lat' dir='ltr'>Ablativi‚</span> <span class='ocrx_word' id='word_1_406' title='bbox 835 2637 876 2666; x_wconf 86' lang='lat' dir='ltr'>et</span> <span class='ocrx_word' id='word_1_407' title='bbox 895 2628 970 2665; x_wconf 88' lang='lat' dir='ltr'>ubi</span> <span class='ocrx_word' id='word_1_408' title='bbox 995 2629 1038 2669; x_wconf 78' lang='grc' dir='ltr'><em>ἐν</em></span> <span class='ocrx_word' id='word_1_409' title='bbox 1058 2628 1301 2669; x_wconf 86' lang='lat' dir='ltr'>Ablativum</span> <span class='ocrx_word' id='word_1_410' title='bbox 1321 2633 1488 2670; x_wconf 79' lang='lat' dir='ltr'>instru-</span> 
     </span>
     <span class='ocr_line' id='line_1_44' title="bbox 31 2682 1486 2736; baseline 0.004 -16"><span class='ocrx_word' id='word_1_411' title='bbox 31 2682 164 2721; x_wconf 83' lang='lat' dir='ltr'>menti</span> <span class='ocrx_word' id='word_1_412' title='bbox 186 2683 375 2723; x_wconf 81' lang='lat' dir='ltr'>indicare</span> <span class='ocrx_word' id='word_1_413' title='bbox 398 2682 607 2733; x_wconf 81' lang='lat' dir='ltr'>videatur,</span> <span class='ocrx_word' id='word_1_414' title='bbox 634 2692 720 2720; x_wconf 86' lang='lat' dir='ltr'>tum</span> <span class='ocrx_word' id='word_1_415' title='bbox 740 2684 968 2722; x_wconf 84' lang='lat' dir='ltr'>notionum</span> <span class='ocrx_word' id='word_1_416' title='bbox 986 2694 1180 2724; x_wconf 83' lang='lat' dir='ltr'>mutuum</span> <span class='ocrx_word' id='word_1_417' title='bbox 1203 2701 1371 2736; x_wconf 86' lang='lat' dir='ltr'>nexum,</span> <span class='ocrx_word' id='word_1_418' title='bbox 1396 2698 1486 2726; x_wconf 89' lang='lat' dir='ltr'>tum</span> 
     </span>
     <span class='ocr_line' id='line_1_45' title="bbox 34 2739 1483 2798; baseline 0.004 -21"><span class='ocrx_word' id='word_1_419' title='bbox 34 2739 290 2791; x_wconf 73' lang='lat' dir='ltr'>optimorum</span> <span class='ocrx_word' id='word_1_420' title='bbox 312 2741 567 2794; x_wconf 86' lang='lat' dir='ltr'>scriptorum</span> <span class='ocrx_word' id='word_1_421' title='bbox 587 2751 709 2778; x_wconf 85' lang='lat' dir='ltr'>usum</span> <span class='ocrx_word' id='word_1_422' title='bbox 729 2739 1045 2795; x_wconf 76' lang='lat' dir='ltr'>respiciendum</span> <span class='ocrx_word' id='word_1_423' title='bbox 1066 2755 1177 2797; x_wconf 75' lang='lat' dir='ltr'>esse:</span> <span class='ocrx_word' id='word_1_424' title='bbox 1209 2756 1348 2798; x_wconf 84' lang='lat' dir='ltr'>neque</span> <span class='ocrx_word' id='word_1_425' title='bbox 1372 2744 1483 2784; x_wconf 82' lang='lat' dir='ltr'>enim</span> 
     </span>
    </p>
   </div>
   <div class='ocr_carea' id='block_1_3' title="bbox 79 2799 1213 2847">
    <p class='ocr_par' dir='ltr' id='par_1_3' title="bbox 79 2799 1213 2847">
     <span class='ocr_line' id='line_1_46' title="bbox 79 2799 1213 2847; baseline 0.001 -11"><span class='ocrx_word' id='word_1_426' title='bbox 79 2806 228 2839; x_wconf 69' lang='lat' dir='ltr'>Luciam.</span> <span class='ocrx_word' id='word_1_427' title='bbox 256 2805 338 2840; x_wconf 77' lang='lat' dir='ltr'>Vol.</span> <span class='ocrx_word' id='word_1_428' title='bbox 365 2808 416 2839; x_wconf 88' lang='lat' dir='ltr'>II.</span> <span class='ocrx_word' id='word_1_429' title='bbox 1056 2844 1060 2847; x_wconf 23' lang='lat'>⁵</span> <span class='ocrx_word' id='word_1_430' title='bbox 1135 2799 1213 2837; x_wconf 68' lang='grc' dir='ltr'>ΒΓ</span> 
     </span>
    </p>
   </div>
  </div>
 </body>
</html>
