1741 3085
243 205 342 253 560
554 212 1297 247 ADNorA'rioxns

241 315 335 356 brat
354 314 430 365 IX,
444 318 483 357 2.
506 321 591 354 ext.
617 312 656 366 ξ.
673 317 710 354 1.
742 325 836 350 nam
862 310 1032 350 Graecis
1056 309 1223 364 quidem
1248 309 1454 366 quicquid
1475 311 1687 352 eruditum

244 382 356 418 erat,
387 380 512 424 atque
542 367 821 407 humanitatis
853 378 894 406 et
925 365 1055 405 officii
1086 369 1280 418 plenum,
1308 365 1547 420 ΓΕλ,ῑ.ηνικὸν
1576 368 1688 407 dice-

244 428 389 477 batur;
422 440 504 479 qua
529 425 578 463 de
602 439 644 463 re
666 425 769 462 satis
795 422 1070 476 adroganter,
1104 437 1244 475 neque
1271 433 1409 462 tamen
1441 425 1573 474 falso,
1607 424 1689 463 Iso·

243 494 340 524 crat.
367 479 546 520 Panath.
573 495 615 533 p.
642 484 707 524 51.
732 481 785 520 A.
812 491 814 493 ’
847 478 974 532 Quod
999 488 1161 527 antem,
1194 478 1320 517 verba
1352 479 1534 519 Luciano
1565 480 1690 518 mini..

240 547 425 587 effante,
457 536 656 575 barbarus
686 535 831 574 audire
852 549 936 573 non
960 535 1147 588 refugiat
1166 534 1404 584 Hannibal,
1437 538 1525 585 eius
1548 535 1690 587 adpel-

240 594 419 634 lationis
440 592 636 632 convicio
659 592 904 643 Philippum
928 589 1158 630 Alexandri
1178 599 1337 642 patrem
1357 600 1605 642 prosecutus
1625 599 1690 629 est

242 649 538 696 Demosthenes,
572 648 702 701 idque
721 658 805 686 tam
826 648 1104 698 impotenter,
1137 656 1183 683 ut
1213 660 1264 684 ne
1288 645 1369 684 hoc
1401 646 1569 698 quidem
1605 645 1690 698 ipsi

241 707 319 744 vix
339 706 550 760 integrum
572 706 806 757 relinquat:
842 700 889 745 οὐ
920 700 1066 755 μόνον,
1100 702 1242 754 inquit
1268 707 1396 753 P·90·
1426 702 1474 742 B·
1510 700 1692 754 οὗχ”Ελ-

240 767 364 815 ληνος
391 759 507 809 ὄντος
538 756 630 802 οὐδὲ
658 759 933 816 προςήκοντος
962 755 1080 800 οὐδὲν
1104 763 1186 806 τοῖς
1209 758 1431 810 ΓἝλλησιν·
1473 753 1557 799 ἀλλ’
1597 755 1692 799 οὐδὲ

241 814 460 872 Βαρβᾶρου
493 819 697 866 ἐντεῦθεν,
742 817 838 858 ὅθεν
873 814 996 857 καλὸν
1027 818 1162 856 εἰπεῖν.
1231 815 1382 867 Longe
1410 824 1569 852 mutata
1604 814 1692 852 fuit

239 888 378 914 rerum
399 874 553 922 facies,
585 871 756 926 quando
777 872 980 910 Romanis
1005 869 1264 924 objiciebant
1293 868 1553 909 lvlacedones
1577 868 1691 921 apud

239 931 334 970 Liv.
356 929 520 976 XXXI,
547 933 612 971 29.
646 942 716 967 eos
741 928 977 980 alienigenas
995 941 1084 966 esse
1112 935 1155 963 et
1191 925 1397 976 barbaros,
1438 941 1532 965 cum-
1550 925 1691 980 quibus

240 997 437 1024 aeternum
459 985 636 1023 omnibus
659 983 817 1023 Graecis
851 983 992 1022 bellum
1026 993 1080 1021 est
1106 983 1261 1035 critque.
1319 980 1560 1020 Alexander
1587 994 1688 1020 vero

242 1055 368 1095 quam
390 1040 441 1079 ad
462 1054 646 1094 unguem
670 1040 861 1077 calluerit
880 1039 1047 1077 Homeri
1065 1038 1262 1085 carmina,
1294 1050 1491 1091 perquam
1510 1036 1689 1076 adcura-

239 1106 284 1137 te
302 1096 428 1135 docet
443 1097 552 1135 Dion
573 1095 702 1150 Chrys.
725 1095 798 1134 Or.
825 1095 897 1133 IV.
932 1109 972 1148 p.
993 1098 1059 1138 65.
1086 1094 1131 1134 C.
1178 1089 1199 1134 ὅ
1229 1092 1271 1133 δὲ
1295 1091 1550 1144 Ἀλέξανδρος
1577 1093 1691 1146 μέγι-

241 1168 337 1195 στον
357 1152 541 1205 ἐφρόνει,
574 1149 633 1193 ὅτι
651 1149 840 1204 ἠπίστατο
861 1151 930 1204 μὲν
947 1148 990 1192 τὸ
1011 1151 1144 1203 ἕτερον
1165 1151 1320 1201 ποίημα
1343 1146 1435 1190 ὅλον
1459 1147 1533 1200 τὴν
1557 1143 1691 1189 Ἰλιά-

239 1212 315 1259 δα,
345 1207 471 1251 πολλὰ
489 1208 530 1249 δὲ
546 1210 612 1250 καὶ
633 1206 964 1261 τῆςὈδυσσείας.
1023 1205 1149 1245 Haud
1169 1205 1344 1255 mirum,
1377 1203 1607 1256 Odysseam
1627 1204 1690 1241 in-

239 1265 399 1303 feriore
419 1264 550 1303 fuisse
572 1267 668 1303 loco
692 1263 803 1317 apud
833 1278 992 1317 regem,
1026 1263 1100 1316 qui
1124 1262 1308 1299 Martem
1340 1275 1387 1299 ac
1418 1259 1527 1300 bella
1559 1259 1690 1312 spira-

238 1319 334 1360 bat:
364 1330 623 1374 quapropter
642 1319 820 1359 Iliadem
853 1325 926 1372 τῆς
955 1322 1169 1371 πολεμικῆς
1189 1313 1329 1371 ἀρετῆς
1355 1313 1524 1369 ἐφόδιον
1542 1317 1610 1358 καὶ
1626 1332 1692 1357 νο-

239 1379 363 1431 μίζων
382 1378 450 1418 καὶ
472 1372 680 1427 ὀνομάζων
708 1378 845 1430 ἔλαβεν
871 1377 940 1428 μὲν
965 1371 1257 1427 Ἀριστοτέλους
1291 1371 1611 1425 διορθώσαντος,
1639 1370 1692 1424 ἣν

240 1434 285 1475 ἐκ
301 1437 377 1473 τοῦ
392 1431 602 1488 νάρθηκος
619 1436 808 1473 καλοῦσιν
822 1445 830 1455 ·
864 1431 965 1485 εἶχεν
988 1432 1028 1472 δὲ
1050 1428 1108 1472 nisi
1142 1428 1238 1483 μετὰ
1268 1435 1341 1470 τοῦ
1361 1430 1595 1482 ἐγχειριδίου
1613 1443 1691 1469 κει-

239 1490 364 1542 μένην
383 1487 462 1529 ὑπὸ
482 1485 526 1528 τὸ
545 1486 863 1540 προςκεφάλαιον
876 1520 886 1536 ,
918 1484 972 1536 ὥς
988 1484 1283 1539 Ὀνησικράτης
1304 1484 1523 1537 ἱστόρηκεν.
1571 1485 1690 1523 Haeo

238 1543 442 1584 Plutarch.
466 1543 511 1581 in
529 1542 653 1583 Alex·
673 1556 716 1597 p.
739 1549 834 1589 668.
856 1545 913 1584 D.
957 1551 1000 1582 et
1025 1542 1205 1581 Eustatlz.
1236 1541 1282 1579 in
1316 1540 1510 1580 Prooem.
1531 1553 1628 1593 pag.
1654 1545 1691 1582 1.

238 1601 423 1639 Hnmsw.

302 1705 306 1709 .
353 1655 456 1696 Ead.
487 1658 516 1696 l.
551 1661 615 1700 12.
652 1653 910 1709 Ῥαψῳδῶν)
958 1656 1083 1694 Hanc.
1113 1653 1340 1693 lectionem
1370 1652 1416 1690 in
1447 1654 1534 1690 sola
1567 1650 1690 1692 Sa1m‚

236 1711 475 1753 Benedictus
497 1713 729 1765 expressit,
764 1726 911 1765 quam,
943 1711 1046 1749 licet
1070 1709 1322 1748 auctoritate
1354 1706 1688 1746 membranarum

240 1768 518 1818 destituatur,
553 1767 702 1807 decora
726 1766 1034 1807 construendae
1057 1765 1263 1804 orationis
1297 1766 1366 1801 lex
1399 1760 1686 1801 commendat:

241 1833 502 1877 quapropter
518 1838 607 1863 eam
631 1823 832 1874 adoptare
863 1837 951 1862 non
980 1837 1071 1861 sum
1104 1820 1279 1860 veritus.
1307 1819 1353 1861 F.
1391 1827 1432 1857 et
1462 1818 1500 1859 J.
1533 1816 1690 1856 habent

237 1877 501 1933 ἐραψώδουν·
531 1881 589 1920 Λ.
614 1885 650 1923 1.
675 1879 732 1920 Η.
758 1885 793 1922 1.
823 1879 874 1917 V.
896 1884 934 1922 2.
965 1875 1216 1933 ἔραψῴδουν.
1247 1876 1298 1915 Β.
1322 1880 1362 1918 2.
1384 1875 1433 1914 Ρ.
1456 1872 1606 1912 melius
1628 1874 1689 1925 ἐῤ-

237 1933 488 1992 ραψῴδουν·
517 1944 764 1989 portentum
783 1934 901 1973 dedit
920 1936 978 1975 A.
1009 1935 1272 1988 ἐρῤαψωδῶν.
1304 1932 1487 1970 HEMST.
1547 1927 1687 1967 Etiam

236 1991 290 2031 A.
314 1997 352 2034 2.
374 1991 638 2046 ἐραψώδουν,
670 1990 770 2044 Arg.
796 2000 838 2029 et
857 1991 978 2042 Lips.
1012 2005 1092 2030 nec
1124 2003 1212 2028 non
1245 1986 1368 2027 codd.
1401 1987 1525 2029 2954.
1563 1986 1687 2028 2956.

236 2052 360 2092 3011.
391 2045 668 2102 ἒρῤαψῴδουν.
728 2047 843 2100 Quas
868 2046 1038 2100 quidem
1059 2045 1194 2085 varias
1215 2044 1421 2082 lectiones
1441 2042 1477 2079 si
1498 2040 1594 2094 quis
1617 2039 1687 2078 ad-

236 2105 396 2143 tentius
422 2103 686 2153 consideret,
713 2102 955 2151 mirabitur,
987 2101 1101 2142 unde
1126 2101 1171 2139 in
1198 2103 1416 2153 plerasque
1442 2109 1584 2136 omues
1621 2109 1687 2134 ve-

236 2159 351 2198 nerit
368 2159 556 2212 praefixa
575 2159 698 2198 litera
720 2176 749 2200 ε.
781 2173 874 2197 nam
908 2172 989 2212 qua
1022 2158 1188 2196 ratione
1224 2157 1267 2192 in
1300 2155 1530 2209 ῥαψῳδῶν,
1569 2150 1687 2204 quod

238 2213 285 2251 in
315 2215 489 2256 salmur.
529 2215 594 2255 ed.
640 2216 819 2269 legitur,
865 2215 1016 2253 omissa
1045 2214 1200 2261 fuerit,
1240 2210 1410 2249 facilius
1443 2205 1685 2261 perspicia&

236 2270 357 2309 Mihi
391 2271 559 2326 quidem
588 2270 759 2311 videtur
790 2271 994 2310 Lucianus
1032 2269 1250 2322 scripsisse
1279 2266 1600 2318 ἐπιρραψῳδῶν,
1632 2276 1709 2302 eX.

240 2339 324 2378 qua
344 2341 464 2378 voce,
477 2341 553 2380 per
572 2325 870 2378 compendium
893 2326 1061 2378 scripta,
1075 2325 1257 2377 primum
1271 2331 1408 2361 ortum
1421 2321 1683 2372 ἒῤῥαψῳδῶν,

238 2395 286 2420 ac
304 2380 470 2432 deinde,
504 2397 633 2436 quum
655 2382 737 2421 hoc
760 2383 910 2420 falsum
934 2394 1024 2421 esse
1046 2379 1370 2432 intelligeretur,
1403 2384 1564 2414 ceterae
1578 2372 1683 2412 *scri-

235 2445 386 2489 pturae
410 2448 590 2480 secutae,
640 2438 787 2476 Utitur
806 2437 889 2476 hoc
912 2436 1006 2490 ipso
1030 2435 1160 2476 verbo
1179 2443 1325 2472 auctor
1346 2428 1683 2482 Necyomantiae

237 2505 272 2533 c.
294 2496 334 2535 4.
366 2492 419 2532 de
440 2494 609 2534 Stoicae
627 2493 812 2533 familiae
832 2491 1142 2548 antesignanis:
1174 2487 1195 2531 ὅ
1216 2490 1258 2530 δέ
1277 2504 1335 2536 τις
1352 2488 1516 2539 ἔμπαλιν
1538 2482 1685 2539 (necod-

237 2550 326 2600 νει)
346 2554 486 2590 πονεῖν
505 2548 553 2590 τὰ
573 2548 704 2591 πάντα
731 2573 788 2579 -
815 2550 972 2602 συνεχὲς
991 2547 1285 2602 ἐπιρραψῳδῶν
1312 2541 1361 2584 τά
1377 2537 1566 2592 πάνδημα
1587 2539 1681 2581 ἐκεῖ·

238 2620 290 2645 να
308 2608 383 2646 τοῦ
394 2601 592 2646 Ἵῑσιόδου
610 2607 702 2656 περὶ
724 2610 796 2658 τῆς
815 2602 954 2660 ἀρετῆς
986 2605 1083 2655 ἔπη,
1116 2602 1328 2640 decantans
1355 2599 1418 2644 in,
1449 2595 1480 2634 i.
1500 2610 1537 2638 e.
1565 2593 1684 2633 simul

239 2675 348 2709 cum,
394 2660 734 2700 adhortationibus
771 2663 856 2700 istis
894 2663 1010 2700 ctiam
1046 2659 1226 2698 continuo
1259 2652 1439 2705 vulgaria
1478 2650 1553 2690 illa
1599 2659 1677 2688 etc.

237 2714 296 2755 Η.
315 2718 346 2758 1.
381 2717 749 2771 Praepositionem
783 2719 850 2760 ἐπὶ
876 2717 1032 2758 referas
1065 2712 1116 2753 ad
1148 2709 1425 2765 praecedens,
1463 2708 1532 2750 nui
1569 2702 1679 2747 ταῦτ’
