1741 3132
345 208 403 238 IN
439 206 747 238 DIALOGOS
784 207 1188 241 mon'roonum.
1409 204 1508 249 603

57 307 202 347 nescio
223 320 275 345 an
298 308 566 359 aliquantum
590 305 682 356 ipse
706 314 908 345 mutasset
928 307 1182 346 sententiam
1219 323 1351 351 suam.
1409 311 1507 353 Hoc

57 373 168 404 certe
189 364 226 403 ei
245 363 453 415 patuisset
474 361 726 411 clarissime,
761 360 811 400 de
832 362 926 400 ovis
955 363 1181 404 Lucicmum
1213 380 1418 420 nusquam
1454 384 1509 408 ne

56 420 234 460 obscure
257 418 428 473 quidem
450 419 674 472 cogitasse.
731 417 823 457 Imo
847 418 926 456 sub
956 417 1128 473 κυάμοις
1155 422 1338 475 scriptor
1358 436 1505 476 noster,

56 486 105 515 ut
145 477 233 515 fere
280 489 423 514 omnes
469 474 567 525 alii,
617 473 805 513 fabarum
853 473 1064 529 quoddam
1096 492 1229 531 genus
1262 480 1506 533 intellexit,

56 546 312 587 quamquam
345 530 539 570 fortassis
572 529 680 568 illud
702 545 788 569 non
819 531 920 569 satis
951 531 1199 572 distinctum
1229 535 1280 573 ab
1311 537 1406 575 aliis
1440 552 1509 592 ge..

55 588 241 627 neribus.
302 588 410 626 Nam
432 586 548 640 quod
570 586 612 623 h.
635 589 660 624 l·
686 585 869 639 κυάμους
892 598 1042 627 auctor
1064 600 1214 640 vocat,
1248 591 1358 631 idem
1388 594 1510 635 Dial.

54 645 92 694 I,
119 650 153 687 1.
174 654 215 682 et
240 644 383 690 XXII,
407 650 446 688 3.
488 643 631 695 θέρμοι
658 653 858 691 vocatur,
899 654 940 683 et
970 644 1014 682 in
1044 646 1180 698 priori
1212 648 1382 699 quidem
1412 653 1510 689 loco

55 701 183 740 etiam
219 699 374 739 diserte
402 699 453 738 ab
479 695 574 747 ὦοῑς
593 698 886 753 distinguitur.
946 702 1038 742 Jam
1063 716 1192 754 quum
1212 705 1392 757 θέρμους
1411 720 1510 745 con-

53 765 138 796 stet
159 770 249 796 esse
266 756 444 811 lupinos,
480 754 607 794 iidem
627 755 770 809 lupini
793 757 921 795 etiam
951 758 995 795 in
1017 758 1130 796 Galli
1158 760 1266 799 locis
1291 776 1324 802 c.
1345 767 1385 804 4.
1409 766 1447 805 5.
1470 772 1512 801 et

56 818 122 857 18.
155 811 292 866 (quae
312 816 401 851 sola
421 811 609 865 respexit
631 811 709 850 Vir
742 812 816 852 ille
849 813 1081 865 Eruditus)
1113 824 1154 853 et
1187 815 1231 853 in
1262 817 1353 857 Vit.
1384 819 1511 859 Auct.

54 883 93 910 c,
113 875 153 914 6,
185 869 262 907 sub
286 865 458 922 κυάμοις
480 867 754 922 intelligendi
775 867 999 916 videntum
1031 870 1162 923 idque
1184 880 1305 912 tanto
1336 875 1511 926 certius,

52 925 92 964 si
115 926 394 978 posteriorem
418 925 534 963 hunc
554 927 696 966 locum
717 939 812 963 cum
834 926 978 979 aliqua
1001 925 1229 981 diligentia
1250 929 1512 982 perpendas,

53 980 129 1020 ubi
152 976 371 1023 ἇποόύνειν
391 979 548 1033 κύαμον
573 981 627 1022 ἔτι
647 980 799 1035 χλωρὸν
819 980 935 1023 ἐόντα
956 996 1043 1021 non
1064 983 1196 1036 magis
1216 999 1309 1023 cum
1333 1000 1514 1026 ovorum

53 1037 318 1092 cogitatione
349 1036 574 1077 conciliari
602 1037 765 1089 possit,
798 1052 922 1092 quam
948 1037 1062 1092 quod
1093 1038 1248 1079 deinde
1276 1041 1514 1081 Athenien·

52 1093 162 1131 sium
186 1107 275 1131 mos
299 1103 573 1143 memoratur,
605 1094 875 1149 magistratus
893 1108 993 1133 suos
1023 1109 1097 1146 per
1115 1098 1303 1149 κυάμους
1327 1097 1513 1139 creandi.

48 1149 326 1202 Praeceptum
358 1149 491 1203 igitur
525 1149 794 1203 Pythagorae
821 1149 990 1203 κυάμων
1021 1147 1262 1204 ἀπέχεσθαι,
1302 1154 1516 1207 siquidem

49 1219 148 1245 vere
183 1204 292 1244 illud
321 1205 510 1255 exstitit,
555 1205 606 1243 de
639 1220 726 1258 quo
765 1206 962 1260 equidem
999 1207 1125 1246 valde
1163 1207 1340 1258 dubito,
1385 1224 1515 1263 quum

49 1262 320 1301 Aristoxenus
347 1270 478 1308 certe,
517 1261 747 1301 Aristotelis
782 1261 974 1312 auditor,
1018 1277 1158 1317 neque
1183 1264 1288 1304 adeo
1320 1276 1517 1305 contem..

48 1316 217 1356 nendus
248 1327 420 1366 auctor,
452 1318 509 1357 A.
537 1316 664 1356 Gellio
692 1328 799 1358 teste
825 1318 882 1358 N.
904 1319 958 1359 A.
980 1319 1057 1368 IV,
1086 1326 1150 1362 11.
1182 1324 1308 1374 plane
1338 1333 1516 1361 contra-

50 1373 162 1412 rium
188 1372 239 1413 de
260 1373 504 1427 Pythagora
533 1372 819 1412 adfirmaverit
834 1406 845 1422 ,
878 1384 1152 1428 praeceptum
1175 1392 1275 1431 ergo
1302 1377 1412 1417 illud
1431 1380 1517 1431 Py-

48 1428 255 1483 thagorae
278 1429 393 1468 haud
414 1429 544 1467 dubie
568 1430 618 1468 ad
641 1430 834 1468 fabarum
855 1444 1004 1484 genus,
1021 1446 1125 1486 quos
1145 1434 1320 1485 lupinos
1339 1444 1512 1484 vocant,

52 1485 195 1526 Noster
213 1486 375 1525 retulit.
437 1484 518 1524 Sed
550 1499 737 1524 caussam
760 1487 976 1538 praecepti
999 1487 1036 1525 si
1061 1501 1262 1541 quaeras,
1305 1490 1430 1529 aliter
1461 1490 1516 1530 de

51 1555 100 1580 ea
119 1541 166 1578 in
195 1540 294 1580 aliis
320 1541 427 1580 locis
452 1541 667 1594 loquitur.
726 1542 786 1580 Et
813 1543 858 1580 in
891 1543 1017 1582 Gallo
1053 1543 1226 1597 quidem
1257 1560 1293 1585 c.
1325 1551 1391 1590 18.
1432 1548 1516 1600 Py-

50 1596 250 1651 thagoras
271 1598 364 1650 ipse
383 1611 458 1650 per
478 1597 870 1650 metempsychosin
890 1599 935 1637 in
952 1602 1108 1653 gallum
1121 1602 1403 1654 gallinaceum
1427 1618 1518 1641 mu-

52 1661 166 1700 tatus
199 1654 410 1708 ingenue,
441 1667 520 1691 nec
545 1662 685 1693 tamen
707 1654 802 1692 sine
824 1654 1014 1707 pudore,
1058 1656 1219 1695 fatetur
1241 1672 1407 1697 omnem
1428 1674 1516 1698 rem

54 1708 169 1747 nihil
184 1710 332 1759 fuisse,
364 1709 451 1747 nisi
477 1711 756 1762 glaucumam,
790 1711 995 1762 mysticae
1019 1711 1180 1751 indolis
1205 1723 1247 1751 et
1265 1715 1515 1767 peregrinae

57 1765 260 1818 originis,
308 1779 394 1818 quo
428 1763 716 1817 obstupefacti
747 1780 892 1804 omnes
921 1780 969 1805 ac
1002 1781 1201 1822 magnum
1222 1772 1352 1809 latere
1373 1771 1419 1808 in
1445 1770 1514 1808 his

55 1835 254 1859 arcanum
277 1821 459 1874 opinati,
493 1820 568 1858 alii
591 1819 716 1859 aliter
735 1835 820 1861 rem
845 1823 1109 1876 conjicerent
1130 1833 1171 1862 et
1189 1824 1517 1878 interpretaren-

57 1885 140 1916 tur.
177 1872 425 1931 Ἀπὸρῤητου
450 1875 509 1914 ibi
534 1878 667 1917 αἰτίαν
687 1875 805 1917 dicit.
839 1878 920 1917 Sed
943 1879 1288 1933 magnificentius
1308 1890 1349 1920 et
1369 1885 1517 1935 paullo

55 1933 211 1972 clarius
236 1933 344 1974 idem
368 1934 413 1970 in
435 1932 522 1971 Vit.
545 1933 669 1970 Auct.
695 1947 730 1972 c.
754 1939 794 1977 6.
827 1934 946 1973 fabas
978 1945 1106 1974 vocat
1132 1952 1290 1986 sacras,
1325 1947 1367 1976 et
1396 1948 1520 1977 natu-

56 2004 144 2028 ram
180 1989 235 2027 iis
264 1990 401 2028 inesse
433 1988 541 2026 dicit
573 1987 875 2040 admirabilem,
921 2005 1046 2044 quam
1078 1991 1234 2035 deinde
1265 1993 1326 2032 ita
1355 1993 1521 2034 descri-

57 2043 150 2097 bit,
183 2055 231 2084 ut
248 2046 369 2084 illinc
391 2048 468 2084 lux
487 2044 633 2097 aliqua
653 2044 722 2082 his
742 2049 902 2084 nostris
922 2047 1085 2087 verbis:
1120 2046 1239 2090 οὐδὲν
1258 2047 1518 2102 ἷσονκύαμοι,

58 2102 127 2143 καὶ
155 2103 328 2154 κεφαλαὶ
356 2097 515 2153 τοκήων
542 2099 784 2154 adfulgeat:
816 2111 934 2155 patet
956 2104 1067 2142 enim
1089 2117 1143 2142 ex
1174 2105 1401 2160 utriusque
1432 2108 1520 2150 loci

59 2158 407 2210 comparatione,
440 2157 609 2210 quaein
634 2170 760 2195 versu
787 2159 865 2197 illo
887 2159 1182 2214 Pythagorico
1210 2160 1430 2213 dicantur,
1458 2180 1522 2205 κε-

60 2209 196 2266 ’φαλᾶς
214 2212 374 2264 τοκήων
391 2212 597 2266 explicari
619 2212 665 2250 in
687 2216 819 2253 altero
837 2217 934 2254 loco
954 2230 1028 2268 per
1049 2214 1216 2269 ἀνδρεῖα
1238 2216 1379 2273 μόρια,
1414 2233 1524 2272 quae

60 2268 175 2308 nihil
197 2268 316 2309 aliud
348 2283 438 2309 esse
464 2278 669 2321 possunt,
709 2283 840 2322 quum
865 2271 1059 2310 testiculi
1091 2272 1253 2313 viriles.
1314 2274 1522 2314 Similitu-

61 2324 204 2364 dinem
245 2326 380 2380 igitur
413 2324 664 2377 lupinorum
692 2335 735 2364 et
774 2327 1068 2366 testiculorum
1107 2329 1302 2369 virilium
1332 2345 1524 2370 caussam

61 2380 256 2422 videmus
287 2381 577 2435 propositam,
609 2380 663 2421 ob
696 2395 821 2434 quam
855 2383 999 2436 lupini
1025 2387 1284 2426 sacrosancti
1311 2386 1522 2437 habendi,

61 2436 116 2477 ab
144 2451 373 2492 eorumque
392 2452 473 2476 usu
498 2437 796 2477 abstinendum
814 2438 1099 2493 Pythagoreis
1123 2439 1354 2483 videretur.
1405 2443 1526 2497 Quo-

62 2492 190 2534 modo
213 2502 353 2532 autem
380 2495 551 2546 κεφαλαὶ
569 2491 726 2547 τοκήων
745 2495 970 2534 testiculos
996 2495 1242 2549 hominum,
1271 2495 1438 2553 ἀνδρεῖα
1455 2497 1527 2551 μό,

66 2565 157 2601 ρια,
188 2548 433 2603 significare
450 2551 641 2604 possint,
671 2559 713 2589 et
734 2564 816 2603 qua
847 2551 893 2588 in
911 2565 955 2590 re
975 2552 1215 2592 similitudo
1251 2555 1324 2594 illa
1351 2556 1526 2610 lupino·

65 2619 158 2642 rum
187 2618 281 2643 cum
303 2607 518 2646 testiculis
539 2605 781 2660 quaerenda
803 2606 883 2656 sit,
915 2606 1095 2648 videant
1123 2610 1224 2662 alii,
1256 2610 1333 2665 qui
1355 2625 1528 2651 arcana.

67 2673 160 2698 rum
183 2659 505 2713 disciplinarum
533 2677 599 2702 me
618 2661 898 2702 studiosiores
920 2672 962 2701 et
996 2665 1220 2717 peritiores
1252 2668 1341 2706 sint
1367 2675 1525 2706 scruta-

67 2725 197 2759 tores,
263 2717 333 2758 De
367 2721 516 2772 altera,
567 2733 675 2776 quae
713 2718 760 2758 in
794 2719 884 2760 Vit.
906 2719 1137 2763 Auctionis
1170 2726 1270 2767 loco
1311 2722 1524 2770 adfertur,
