1741 3085
195 197 293 243 614
539 209 1290 240 ADNOTAT10NES

194 304 365 345 videtur
389 306 569 355 factum,
601 319 695 344 cum
731 305 815 352 ait,
855 308 890 347 εἰ
915 304 954 348 δ’
982 303 1087 348 ἐνόει
1116 303 1239 359 φύσιν
1265 303 1413 356 κυνός,
1445 302 1564 348 αὑτὸν
1593 304 1645 348 ἂν

194 363 290 415 Ξκρε
267 363 416 403 ἀασεν.
459 362 626 400 SOLAN.

309 418 571 471 13092221
589 422 653 460 10
680 414 857 472 Ὀβολόν
877 417 927 471 μή
949 419 1069 472 ἔχων)
1098 418 1241 457 Unum
1264 416 1434 457 obolum
1456 418 1519 458 ori
1537 433 1646 457 mor-

194 485 365 513 tuorum
389 473 584 512 immittit
604 474 820 523 Lucianns,
846 478 964 527 cujus
985 475 1034 513 ab
1054 473 1202 513 Indice
1223 473 1404 527 petenda
1426 484 1525 513 sunt
1541 477 1647 517 loca.

196 529 337 569 Ceteri
357 530 443 568 fere
462 530 758 569 consentiunt:
788 529 941 571 Lucill.
963 530 1093 570 Anth.
1117 531 1177 570 ΙΙ.
1202 545 1236 568 c.
1257 533 1324 574 50.
1354 530 1430 581 Ep,
1458 535 1497 573 7.
1529 532 1646 572 Κεῖτο

194 586 237 627 δὲ
258 582 295 639 γ’
317 582 434 626 οὐδὲν
454 587 551 638 ἔχων
570 581 718 638 ὄβόλου
735 587 878 628 πλέον·
910 610 964 618 -
993 587 1216 640 Antiphan.
1239 585 1352 639 apud
1366 585 1478 627 Stob.
1495 591 1644 640 p.128.

196 651 238 681 ct
264 640 480 682 Auth.11
506 657 540 680 c.
562 645 630 686 50.
658 643 740 694 Ep.
760 648 799 687 3.

421 702 470 739 Ἰε
462 695 627 765 θνήξῃ,
657 702 906 740 πλουτοῦσαν
927 695 1043 750 ἐφεὶς
1069 695 1243 765 μεγαλην
1265 695 1468 751 διαθήκην

464 748 535 793 Ἐκ
565 759 719 795 πολλων
743 752 901 808 ὀβολοῖν
926 759 1077 808 μοῦνον
1101 752 1372 809 ἐνεγκάμενος·

195 808 274 848 ubi
296 808 396 848 vide
413 808 648 849 Brodaeum.
709 811 933 864 Diogenes
967 811 1117 859 etiam,
1151 819 1198 847 ut
1226 819 1312 848 erat
1337 808 1646 849 amantissimus

192 864 408 919 justitiae,
444 864 586 904 debita
609 865 863 905 charontem
887 867 996 917 stipe
1019 865 1214 904 fraudare
1237 865 1402 914 noluit,
1436 866 1648 918 porrexit-

193 934 277 971 que
314 920 397 972 ipsi
431 925 634 973 ναυτιλίης
668 919 833 974 όβολον,
882 922 972 961 sive
1007 920 1075 962 τὸν
1106 923 1330 974 φθιμένους
1359 923 1650 963 ναυσιολέοντα

192 975 358 1028 ὄβολον,
391 985 499 1015 teste
525 978 766 1031 Antipatro,
800 980 868 1017 vel
894 978 978 1016 alio
1014 979 1127 1017 forte
1156 976 1337 1030 quodam
1363 982 1492 1029 poeta
1513 976 1667 1018 Anth.*

192 1032 275 1074 ΠΙ.
309 1047 344 1071 c.
367 1038 435 1076 33.
467 1033 548 1085 Ep.
568 1037 633 1076 15.
666 1038 729 1077 16.
767 1033 954 1072 doctoris
988 1036 1224 1083 exemplum
1253 1046 1336 1085 quo
1367 1032 1506 1070 minus
1538 1032 1650 1084 apud

192 1087 451 1141 Blenippum
473 1089 666 1139 valuerit,
702 1090 897 1142 quamvis
925 1099 1060 1128 cetera
1082 1089 1274 1141 Cynicae
1299 1088 1597 1141 frugalitatis'
1586 1103 1652 1127 m-

193 1153 427 1182 suumenta
461 1158 600 1182 secum
632 1155 799 1198 portet,
843 1154 1068 1199 egestatem
1105 1160 1126 1183 a
1159 1153 1377 1184 contemtu
1404 1143 1652 1182 divitiarum

195 1209 329 1238 ortam
352 1199 567 1240 obstitisse
593 1201 846 1240 credendum
871 1211 945 1239 est.
1008 1203 1137 1241 Porro
1160 1201 1228 1242 τὸν
1249 1198 1393 1253 όβολον
1409 1200 1479 1241 τὸν
1506 1213 1652 1254 συγκη-

193 1252 410 1308 δευόμενον
443 1261 526 1304 τοῖς
567 1262 797 1298 τελευτῶσιν
832 1257 980 1296 suidas
1015 1257 1141 1295 habet
1173 1257 1217 1294 in
1251 1254 1534 1309 Καρκάδοντα,
1582 1257 1653 1296 vel

194 1311 331 1363 quod,
364 1321 564 1351 monente
579 1312 761 1362 Kasion),
794 1313 957 1352 Plzolins
974 1313 1205 1366 scriptique
1227 1311 1409 1351 Codices
1433 1310 1650 1364 praebent,

194 1366 461 1420 Καρκαδόνα·
495 1380 619 1420 quam
650 1383 797 1407 vocem
828 1368 908 1407 etsi
940 1371 1060 1421 juxta
1091 1384 1185 1407 cum
1215 1369 1309 1406 aliis
1338 1368 1550 1421 ignorem,
1583 1381 1652 1406 su-

193 1422 338 1475 spicor
370 1431 510 1461 tamen
544 1437 595 1461 ex
630 1424 873 1463 Pherecratis
908 1425 1074 1462 Comici
1108 1423 1359 1477 Crapatallis
1397 1422 1653 1464 desumtam:

196 1478 365 1530 Guperus
393 1488 505 1517 certe
533 1478 578 1516 in
609 1479 736 1517 Num.
773 1481 873 1518 Ant.
904 1481 1029 1531 Expl
1061 1495 1107 1532 p
1127 1483 1223 1523 235.
1253 1479 1436 1527 labitur,
1480 1478 1652 1532 quando

193 1533 335 1571 minus
377 1533 605 1588 diligenter
639 1534 843 1586 inspectis
883 1535 1156 1573 Grammatici
1193 1533 1333 1574 verbis
1377 1533 1484 1572 illud
1514 1535 1653 1587 ipsius

196 1589 314 1628 oboli
335 1588 527 1627 funebris
549 1603 636 1629 esse
657 1604 809 1630 nomen
834 1590 1109 1642 opinabatur:
1141 1585 1285 1644 ὀβολὸν
1303 1590 1454 1641 μισθὸν
1476 1594 1532 1646 τῷ
1553 1606 1653 1663 πορ-

192 1650 293 1697 θμεῖ
317 1643 426 1684 idem
455 1644 600 1683 Suiclas
630 1645 674 1683 in
696 1650 965 1694 Μελιττοῦτα,
996 1660 1100 1699 quae
1130 1645 1317 1685 derivata
1348 1655 1448 1683 sunt
1470 1659 1522 1684 ex
1542 1646 1655 1684 Ari-

192 1701 373 1754 stoplzan.
405 1699 538 1750 Schol.
567 1700 619 1738 ad
648 1701 717 1753 Ly
722 1701 832 1741 sisu.
862 1716 899 1742 v
920 1707 1016 1744 601.
1050 1707 1144 1746 603.
1170 1715 1306 1755 neque
1336 1699 1457 1740 aliter
1486 1700 1654 1740 Diodor.

195 1756 276 1798 Sic
293 1756 327 1794 I.
347 1770 387 1808 p.
413 1761 481 1800 61.
510 1755 555 1796 C.
585 1756 659 1794 ubi
689 1756 896 1810 quicquid
925 1767 988 1796 est
1015 1757 1066 1797 de
1089 1757 1192 1797 Orci
1222 1766 1336 1795 statu
1365 1765 1406 1795 et
1439 1756 1656 1796 Charonte

194 1812 448 1850 Graecarum
480 1811 742 1862 fabularum,
787 1812 836 1850 ab
864 1812 1094 1880 Aegyptiis
1131 1813 1347 1866 Orpheum
1384 1812 1655 1851 transtulisse

193 1867 437 1907 contendit.
468 1866 512 1908 τὸ
532 1868 575 1919 μὲ
561 1885 602 1909 ev
620 1866 694 1923 γὰρ
720 1844 949 1921 διακομίζον
970 1868 1018 1910 τὰ
1027 1866 1197 1937 σώματα
1228 1873 1371 1910 πλοῖον
1394 1865 1513 1922 βάριν
1532 1873 1657 1909 καλεῖ-

192 1929 313 1972 σθαι,
344 1921 388 1964 τὸ
418 1918 459 1965 δ
479 1923 700 1977 ἐπίβαθρον
723 1923 897 1992 νόμισμα
926 1923 996 1967 τὸν
1018 1921 1172 1993 οβολόν
1191 1929 1248 1981 τῷ
1269 1930 1446 1977 πορθμεῖ
1467 1927 1660 1966 δίδοσθαι

191 1980 428 2031 καλουμένῳ
460 1979 559 2020 κατὰ
579 1979 652 2046 τὴν
672 1978 865 2035 ἐγχώριον
883 1978 1084 2024 διάλεκτον
1110 1968 1298 2049 Χάρωνι·
1343 1980 1416 2018 ubi
1448 1980 1657 2044 refingen·

194 2033 295 2072 dum
327 2044 457 2087 puto,
490 2034 533 2077 τὸ
569 2032 606 2077 δ
631 2036 856 2090 ἒπιβάθρου
886 2035 1062 2090 νόμισμα
1092 2038 1161 2080 τὸν
1195 2034 1259 2092 ὄβ.
1283 2041 1451 2078 Ναῦλον
1482 2034 1656 2105 proprie

193 2090 256 2128 sic
280 2088 441 2129 dictum
464 2090 633 2146 Hesych.
657 2102 699 2133 et
727 2092 898 2147 Etymol.
925 2093 1282 2162 interpretantur,
1313 2090 1357 2135 τὰ
1391 2093 1447 2141 εἷς
1465 2089 1508 2133 τὸ
1531 2088 1654 2144 στόμα

193 2149 273 2187 τῶν
303 2152 459 2201 2en9c5v
483 2146 775 2202 ἐμβαλλόμενον
803 2147 1086 2202 νομισμάτων·
1118 2160 1246 2203 atque
1277 2149 1338 2187 ita
1362 2147 1496 2187 Schol.
1517 2147 1652 2187 Juven.

193 2200 249 2240 ad
275 2201 358 2244 Sat.
392 2203 481 2251 III,
513 2208 608 2247 257.
644 2205 720 2256 qui
745 2207 878 2258 inopen
872 2229 910 2253 ,2
929 2205 1093 2259 Virgilii
1125 2205 1278 2244 tmbam
1303 2203 1411 2246 Aen.
1443 2203 1526 2253 VI,
1557 2206 1655 2247 325.

194 2259 323 2311 longe
343 2272 462 2297 secus
485 2273 531 2297 ac
553 2259 720 2309 Servius,
753 2260 942 2313 exponit
958 2275 1062 2309 eam,
1096 2262 1179 2311 cui,
1212 2259 1327 2315 quod
1347 2258 1552 2313 portitori
1570 2261 1654 2298 sol·-

195 2321 282 2361 vat,
314 2327 510 2353 nummus
537 2318 605 2354 vel
627 2319 802 2355 naulum
822 2316 950 2355 deest.
1011 2317 1143 2356 3².th
1164 2317 1287 2356 VIII.
1312 2330 1357 2369 p.
1381 2320 1476 2359 573
1502 2315 1554 2354 A
1571 2312 1653 2357 διό-

196 2382 270 2421 περ
293 2366 367 2410 οὐκ
394 2370 615 2413 ἔνι-ιθέασιν
638 2373 814 2413 ἐνταῦθα
843 2371 979 2424 (apud
1003 2372 1362 2420 Hermionenses)
1385 2376 1470 2419 τοῖς
1497 2373 1656 2421 νεκροῖς

197 2428 370 2465 ναῦλον·
400 2434 443 2464 et
473 2425 647 2466 Charon
671 2427 783 2481 apud
812 2428 1072 2482 Aristophan.
1093 2443 1135 2469 v·
1156 2434 1252 2473 372·
1271 2424 1470 2481 ’'Exssoctv',
1500 2422 1655 2474 ἀπόδος

198 2477 268 2520 τὸν
293 2484 455 2522 ναῦλον.
513 2483 669 2522 Rarius
688 2493 763 2533 est,
787 2483 903 2552 quod
927 2482 1080 2524 RIoeris
1097 2484 1296 2523 Atticista
1322 2481 1517 2535 protulit,
1549 2485 1655 2522 Κατ-

197 2535 360 2601 τιτέριον
391 2534 461 2578 τὸν
482 2542 553 2579 τοῦ
577 2543 720 2592 νεκροῦ
751 2537 910 2593 ὀβολόν.
967 2540 1185 2579 Praeterea
1218 2537 1390 2591 δανάκη,
1419 2539 1489 2576 vel
1506 2546 1652 2589 ΡΟΠυε

199 2587 222 2631 ὃ
245 2590 420 2644 δανάκης
431 2623 441 2642 ,
473 2607 496 2630 a
526 2576 741 2634 veteribus
761 2598 892 2649 vulgo
919 2609 1114 2634 nummus
1139 2595 1260 2637 hicce
1284 2592 1501 2633 mortualis
1521 2592 1653 2630 fuerit

199 2645 449 2698 adpellatus,
475 2648 512 2685 si
535 2663 678 2688 verum
704 2661 780 2700 est,
805 2649 920 2703 quod
940 2652 1045 2691 viris
1068 2650 1244 2690 eruditis
1266 2647 1540 2691 Grammatici
1559 2661 1652 2712 per·
1714 2685 1717 2688 μ

197 2711 444 2743 suaserunt·
432 2731 445 2752 ‚
478 2702 524 2745 id
544 2705 659 2746 enim
678 2719 732 2746 ex
750 2684 965 2762 hesychio,
983 2706 1216 2762 Etymologo
1241 2714 1283 2745 et
1304 2703 1464 2744 suida·
1453 2718 1497 2743 m
1517 2699 1651 2745 Δανά-
