1741 3085
204 173 302 218 518
549 181 1301 231 ΑυΝ-οΤΑΤιοΝΕε

206 278 432 334 ἐκτησάμην
446 312 456 330 ,
488 279 581 335 ὑμῖν
599 282 764 333 ἕρχεται”
801 291 1005 334 quantum
1033 281 1082 319 ab
1103 280 1187 319 hoc
1212 279 1397 333 simplici
1417 280 1558 322 nitore
1579 283 1652 322 ab.

209 347 273 378 est
296 337 431 376 versio
452 337 609 376 Latina
630 337 820 377 Doctiss.
850 337 1058 377 Vulcanii:
1088 337 1262 392 Aegypti
1293 335 1524 392 Cyrenesque
1545 356 1653 392 opes,

210 394 349 448 quibus
362 395 480 446 potiti
497 411 627 433 sumus
643 397 723 433 sine
743 397 792 443 vi,
817 410 881 433 cae
899 410 1048 448 quoque
1067 392 1121 431 acl
1138 409 1205 432 vos
1224 404 1461 433 accesserunt
1473 410 1486 434 .·
1516 396 1657 435 Noster

214 463 385 503 quoque
404 450 522 490 Dial.
542 450 619 499 XI,
642 455 680 493 2.
702 451 793 493 οἶδὲ
812 455 955 504 κλῆροι
971 452 1010 498 ἐς
1030 448 1238 501 Εὐνόμιον
1256 451 1322 490 καὶ
1344 451 1572 504 Θρασυκλέα
1590 469 1656 493 πε-

211 510 393 559 ριῆλθον.
454 506 634 544 Parilein
667 506 778 559 apud
806 507 1021 545 Romanos
1053 505 1303 558 elegantiam
1333 506 1377 542 in
1399 505 1528 544 verbo
1548 511 1660 547 veni-

209 578 251 599 re
278 560 499 600 adnotavit
520 561 716 604 Graevius.
776 561 856 602 Sed
877 562 950 612 ille
976 560 1273 601 Callidemides
1299 560 1568 615 Pythagorae
1599 578 1660 603 se·

213 616 287 668 qui
319 627 587 671 praeceptum
622 622 848 669 maluerat,
888 625 973 667 ταῖς
997 616 1221 672 λεωφόροις
1253 615 1306 672 μὴ
1336 620 1508 672 βαδίζειν
1535 615 1658 669 ὁδοῖς.

209 672 390 713 HEMST.
421 674 457 711 I.

323 729 425 768 Ecul-
445 732 474 769 l·
504 735 572 774 28.
610 727 663 773 ‘O
687 729 832 786 νεβρὸς
865 728 934 773 τὸν
961 731 1132 780 λέοντα)
1170 728 1369 769 Proverb-
1404 732 1469 773 ἐπὶ
1500 736 1579 773 τῶν
1605 730 1660 786 μὴ

209 783 507 837 προςηκόντων.
546 788 752 841 Ανίετορή.
786 788 874 828 alii.
913 787 1089 829 Bonan,
1158 785 1268 826 Vide
1303 786 1407 838 quid
1445 801 1568 840 supra
1608 789 1661 828 ad

213 841 351 889 aliud,
384 840 529 881 itidem
565 842 847 888 decurtatum,
880 843 1151 896 proverbium
1182 841 1476 881 adnotaverim
1504 845 1560 884 D.
1586 844 1661 883 VI.

213 896 377 935 SoLAN.
437 898 516 935 Est
537 899 582 936 in
607 913 656 938 eo
680 899 909 952 proverbio
934 897 1216 952 inexspectati
1245 908 1421 937 eventus
1444 909 1570 951 atque
1591 914 1663 938 an-

213 961 255 990 te
278 966 363 989 non
395 954 558 1005 provisi
587 955 870 1009 significati03
905 955 1064 1009 quippe
1096 953 1212 992 aliud
1243 953 1437 1007 adagium
1470 954 1666 995 dehorta-

211 1006 357 1058 batur,
400 1019 599 1063 tanquam
627 1025 648 1048 a
682 1025 725 1050 re
752 1011 936 1064 periculi
970 1009 1212 1063 plenissima
1249 1020 1291 1047 et
1321 1011 1394 1047 vix
1424 1010 1626 1050 tentanda
1647 1043 1661 1063 ,

210 1064 418 1106 κατέναντι
437 1066 596 1114 λέοντος
617 1065 763 1120 νεβρὸν
783 1065 952 1108 ἐλθόντα
979 1073 1123 1119 μοιραν
1145 1068 1344 1118 αἱρεῖσθαι
1360 1070 1499 1118 κρεῶν,
1531 1077 1582 1105 ut
1603 1076 1668 1107 est

213 1118 259 1155 iu
286 1120 510 1161 Charmide
530 1122 707 1162 Platonis
731 1137 771 1175 p.
790 1128 885 1167 463.
908 1124 960 1161 E.
992 1122 1074 1161 hoc
1094 1136 1146 1160 ex
1169 1135 1249 1174 qua
1271 1120 1415 1159 fabula
1437 1121 1668 1173 derivetur,

215 1174 436 1214 obscurum
460 1191 543 1216 non
568 1188 652 1216 est:
685 1179 757 1217 illa
774 1189 937 1226 tamen,
970 1179 1015 1216 ni
1036 1179 1186 1224 fallor,
1219 1177 1269 1215 ab
1286 1177 1533 1217 Archilocho
1555 1192 1669 1218 sum-

212 1241 325 1269 serat
345 1232 478 1273 Plato.
540 1233 743 1286 Explicat
764 1236 939 1275 Luciani
962 1238 1100 1273 locum
1121 1233 1272 1272 Erasm.
1301 1232 1414 1271 Chii.
1438 1233 1484 1270 in
1508 1234 1667 1274 Himzu-

212 1284 276 1324 Ius
295 1287 452 1328 leonem,
485 1290 667 1330 HEMST.
724 1292 890 1330 Fallor:
925 1289 1074 1328 sumsit
1096 1290 1145 1326 ab
1168 1289 1262 1340 ipso
1295 1288 1430 1326 Critia
1450 1289 1590 1339 Plato,
1622 1299 1672 1330 ut

212 1343 313 1381 loco
335 1344 589 1400 diligentius
613 1347 809 1399 inspecto
832 1346 1058 1385 manifeste
1082 1354 1214 1397 patet.
1241 1345 1381 1383 IDEM.

329 1400 367 1438 Ρ
366 1417 427 1452 ag·
452 1407 543 1445 160.
564 1404 593 1440 l.
612 1407 654 1444 2.
687 1402 1030 1454 Κατασοφισθεὶς)
1060 1402 1145 1440 Ma.
1168 1401 1484 1452 κατασοφισθεὶς
1504 1399 1669 1453 ἀθλίως,

211 1456 348 1504 :misere
369 1456 557 1509 deceptus.
618 1458 849 1511 Vulgatus:
880 1457 1194 1509 κατασοφισθεὶς
1227 1453 1246 1497 ὅ
1276 1454 1431 1504 ἅθλιος,
1493 1457 1670 1497 (ΞΒΑΕν.

215 1509 331 1548 Illud
366 1525 418 1550 ex
450 1515 830 1565 interpretamento
865 1523 1003 1552 ortum
1031 1527 1141 1562 esse,
1175 1511 1339 1564 patebit
1369 1526 1422 1550 ex
1450 1512 1529 1561 iis,
1563 1526 1672 1567 quae

218 1563 312 1615 dixi
334 1565 385 1604 ad
411 1568 543 1609 Dian.
568 1570 701 1608 Deor.
724 1568 842 1618 XVI,
870 1574 911 1611 2.
937 1569 1093 1609 Lnnm.

328 1622 430 1661 Ead.
454 1626 482 1663 l.
506 1628 545 1666 7.
580 1625 731 1665 Θέσθαι
752 1623 951 1675 διαθήκας
978 1625 1018 1671 ἐς
1036 1622 1080 1665 τό
1115 1623 1315 1676 φανερὸν)
1346 1623 1673 1664 Institutionem

214 1675 327 1714 hanc
351 1692 438 1716 esse
455 1693 628 1730 puram,
658 1689 784 1733 atque
805 1679 909 1719 adeo
935 1693 1152 1731 perperam
1183 1680 1333 1718 referri
1367 1678 1419 1716 ad
1447 1693 1515 1717 eas
1549 1679 1674 1718 insti.

213 1732 430 1790 tutignes,
463 1748 565 1787 quas
586 1737 656 1774 lex
678 1744 804 1774 vocat
828 1738 1092 1788 captatorias,
1125 1734 1453 1787 docetampliSS.
1473 1734 1675 1788 Bynkers—

215 1779 374 1826 hoelfius
395 1787 446 1828 de
468 1790 637 1841 Captat.
658 1790 763 1830 Inst.
787 1805 823 1830 c.
849 1791 897 1828 V.
918 1805 957 1842 p.
982 1795 1078 1834 319.
1139 1791 1235 1829 Lex
1258 1800 1368 1830 certe
1386 1789 1437 1829 de
1457 1791 1586 1833 animi
1611 1805 1672 1830 se—

218 1853 334 1882 creto
359 1858 443 1882 non
466 1845 656 1897 judicat:
688 1840 833 1885 verum
855 1847 997 1885 Noster
1015 1847 1098 1886 hoc
1127 1860 1300 1900 quoque
1335 1860 1466 1900 genus
1501 1846 1675 1885 institu-

217 1899 352 1937 tionis
374 1899 497 1938 hamo
522 1900 738 1939 subtiliter
759 1902 965 1941 obvoluto
989 1903 1240 1941 instructum
1255 1933 1267 1951 ,
1300 1902 1379 1941 etsi
1409 1901 1566 1941 directe
1587 1917 1677 1942 non

219 1953 455 1994 incurreret
479 1957 524 1994 in
548 1959 659 2009 leges
676 1988 687 2005 ,
721 1957 772 1995 ad
797 1958 980 2010 speciem
1004 1957 1280 2010 captatoxriam
1302 1957 1473 2008 retulit,
1506 1967 1677 1997 senten-

219 2010 322 2047 tiam
345 2011 695 2062 probissimorum
719 2027 818 2052 suae
832 2014 981 2053 aetatis
1007 2014 1226 2053 hominum
1246 2023 1429 2054 secutus.
1491 2014 1560 2052 Sic
1579 2028 1671 2052 mus

220 2074 321 2103 tuae
342 2070 571 2120 conjugum
608 2067 906 2108 institutiones
937 2071 1130 2122 quamvis
1156 2068 1257 2122 jure'
1278 2069 1453 2121 publico
1482 2083 1570 2109 non
1599 2071 1676 2108 im.

218 2121 533 2172 probabantur,
563 2133 762 2176 poterant
782 2124 896 2164 enim
923 2126 1033 2165 veris
1065 2124 1382 2164 adfectionibus
1412 2124 1547 2165 videri
1576 2139 1677 2179 pro-

220 2187 420 2226 vocatae,
456 2179 556 2230 quia
580 2188 745 2228 tamen,
777 2181 813 2218 si
833 2195 969 2220 mores
1004 2181 1137 2220 seculi
1169 2183 1407 2219 maculosos
1438 2190 1675 2234 spectares,

220 2234 471 2286 plerumque
493 2233 537 2271 in
562 2235 846 2287 suspicionem
867 2236 1115 2276 incidebant
1145 2235 1439 2275 insidiatoriae
1465 2237 1677 2288 malitiae,

222 2301 391 2340 gravem
425 2288 636 2328 bonorum
675 2290 1037 2343 honestorumque
1068 2292 1288 2331 hominum
1317 2292 1675 2345 vituperationem

221 2342 458 2383 subierunt.
487 2346 693 2385 Ammicm.
722 2346 908 2387 Marcell.
930 2348 1138 2396 XXVIII,
1161 2353 1202 2390 4.
1223 2361 1264 2400 p.
1286 2352 1382 2391 581.
1442 2348 1559 2387 Parte
1590 2347 1674 2387 alia

221 2413 348 2447 uxor,
380 2411 422 2438 ut
443 2401 686 2453 proverbium
704 2401 876 2456 loquitur·
898 2414 1025 2453 tetus,
1057 2403 1217 2443 eandem
1246 2403 1425 2442 incudem
1446 2403 1513 2444 diu
1531 2414 1676 2442 noctu-

223 2469 296 2506 que
321 2455 539 2505 tundendo,
572 2460 753 2496 maritum
774 2462 906 2498 testati
924 2459 1139 2512 compellit,
1171 2459 1318 2512 hocque
1349 2458 1452 2497 idem
1480 2468 1520 2496 ut
1536 2458 1680 2513 saciat
1716 2468 1725 2473 ‘

224 2524 341 2556 ²¹·'1'01‘2
374 2523 481 2562 w'gct
497 2514 659 2551 maritus
678 2516 886 2553 instanter:
915 2515 979 2554 ibi
1002 2514 1183 2554 P'alesius
1206 2513 1323 2551 hunc
1342 2513 1518 2552 Luciam?
1533 2517 1675 2553 locum

222 2564 427 2616 protulit>
460 2567 760 2620 interpretatus
777 2570 930 2612 θέσθαι
948 2571 1017 2620 τὰς
1034 2569 1234 2621 διαθήῑῐας
1257 2570 1296 2617 ἒς
1317 2567 1360 2609 τό
1379 2567 1558 2623 φανερὸν
1571 2600 1582 2618 )
1609 2580 1674 2607 ¹2*

223 2630 454 2658 stamentum
484 2624 517 2659 ei
545 2623 763 2665 ostendere.-
801 2628 993 2678 praefero
1033 2638 1197 2666 sensum
1228 2626 1370 2675 paullo
1405 2624 1672 2677 ampliorem,

223 2676 266 2712 in
284 2674 487 2729 publicum
501 2679 702 2735 proferre,
733 2696 820 2722 cum
847 2681 1022 2736 plui-ibus
1053 2682 1358 2729 communicare,
1389 2694 1567 2735 quorum
1593 2691 1674 2732 ope
