1741 3132
357 229 416 260 ΙΝ
454 229 770 259 DIALOGOS
806 231 1204 265 MORTUORUM.
1407 225 1505 276 505

49 327 131 379 bit,
161 335 234 366 aut
255 328 401 366 saltem
427 326 529 365 satis
552 326 783 366 commode.
844 328 888 366 Si
910 329 1003 382 quis
1023 344 1151 383 nunc,
1185 333 1291 386 quid
1311 339 1504 389 sentiam,

52 393 197 436 ποίῃ-εἰς
229 382 378 421 dicam.
439 383 581 422 Primo
609 385 964 436 καταγελασθέντες
983 401 1143 427 merum
1164 392 1369 443 glossema
1400 396 1507 434 mihi

51 441 245 489 videtur,
278 441 322 477 in
346 448 508 479 textum
532 439 581 477 ab
601 440 652 478 iis
673 439 859 489 illatum,
894 457 964 496 qux
984 443 1157 482 verbum
1187 446 1375 500 Luciam)
1407 464 1508 505 qua-

52 500 265 549 lecunque
283 496 452 534 tandem
473 496 616 545 fuerit,
647 504 697 534 ut
715 495 796 533 sibi
819 497 1086 552 incognitum
1108 502 1405 554 repudiabant.
1437 508 1510 548 Se-

51 552 216 604 cundo,
248 551 477 605 emungendi
497 552 601 590 mihi
632 566 799 602 sensuS,
835 553 950 606 quod
981 565 1022 594 et
1052 558 1257 610 glossema
1292 561 1506 615 admittit,

49 611 289 662 perplacet:
322 618 447 662 atque
476 608 606 658 adeo,
653 618 726 646 aut
756 606 1069 665 ἀποσμυγέντες,
1100 623 1148 651 ut
1179 616 1363 669 legitur,
1408 630 1504 669 aut,

52 666 87 704 si
108 680 182 718 per
213 665 521 704 Grammaticos
554 679 639 703 non
673 664 822 715 liceat,
865 663 1135 723 ἆπομυγέντες
1162 674 1337 713 omnino
1367 677 1511 730 legen·

53 722 149 760 dum
170 731 327 774 putem.
359 721 523 762 Somm.
582 721 912 776 Αποσμυγὲντες)
945 724 1144 763 'Pluribus
1167 727 1209 764 in
1231 728 1350 768 libris
1370 741 1511 771 exstat

51 777 178 831 hujus
202 779 294 817 vice
312 779 680 832 καταγελασθέντες,
711 778 992 818 certissimum
1014 782 1226 835 genuinae
1247 787 1381 837 vocis,
1409 802 1510 841 qua-

48 837 277 887 liscunque
299 848 320 873 a
339 835 522 874 Lucieno
543 835 674 874 fuerit
693 836 886 887 profecta
900 868 911 887 ‚
945 837 1390 891 interpretamentum3
1427 858 1511 896 qua

53 889 103 929 de
123 905 166 929 re
193 890 506 930 dubitationem
530 905 696 930 omnem
717 893 834 930 tollit
856 893 1096 932 Scholiastcs
1121 895 1350 940 Vossianus.
1411 900 1510 939 Nisi

50 946 237 984 animum
261 946 362 985 alibi
382 947 769 999 praestantissimus
786 947 972 988 Graevius
993 949 1215 990 habuisset
1235 965 1508 1007 occupatum,

50 1017 132 1056 qua
153 1014 240 1041 erat
265 1003 430 1056 ingenii
464 1003 746 1057 perspicacia,
780 1018 856 1056 pro
878 1005 1049 1045 Junone
1079 1007 1275 1047 nebulam
1309 1013 1510 1065 amplecti

50 1059 295 1113 refugisset.
357 1059 542 1113 Quando
564 1069 704 1099 autem
726 1060 848 1100 valde
871 1060 1045 1109 durum,
1079 1072 1121 1101 et
1151 1064 1265 1117 quod
1295 1068 1369 1105 vix
1401 1067 1509 1107 alibi

51 1118 258 1166 reperias,
293 1115 375 1155 hoc
396 1117 568 1155 verbum
603 1116 882 1168 pronuntiat,
917 1116 961 1155 id
993 1132 1043 1157 eo
1078 1120 1246 1171 quidem
1280 1125 1411 1178 magis
1448 1134 1512 1163 est

51 1170 429 1221 csnsiderandum,
464 1172 562 1226 quia
585 1175 628 1212 in
646 1172 832 1212 Luciano
855 1184 968 1212 certe
999 1188 1232 1228 nusquam,
1262 1179 1298 1215 si
1327 1194 1511 1232 excepe-

49 1226 106 1265 ris
130 1226 244 1266 hunc
266 1230 431 1278 locum,
465 1228 664 1267 occurrit.
722 1228 780 1269 H.
820 1229 1060 1282 Stephanum
1090 1234 1206 1271 nulla
1238 1234 1338 1273 vitii
1366 1237 1512 1289 tetigit

50 1283 266 1336 suspicio,
298 1294 345 1321 ut
367 1286 440 1337 qui
467 1284 823 1337 explicationem,
857 1300 1033 1339 eamque
1064 1301 1150 1325 non
1182 1304 1332 1341 unam,
1367 1301 1510 1331 tenta-

50 1338 110 1377 rit
129 1339 258 1379 Thes.
284 1342 335 1379 T·
354 1340 437 1381 ῙῙΪ.
461 1355 500 1394 Ρ.
522 1344 619 1384 891.
681 1341 787 1394 Ejus
811 1342 1046 1391 sententia,
1078 1343 1159 1382 hoc
1181 1345 1225 1382 in
1244 1360 1395 1399 genere
1421 1362 1512 1388 mo-

49 1398 184 1435 nenti
204 1411 290 1436 non
315 1397 564 1447 mediocris,
597 1397 641 1434 in
664 1395 849 1435 medium
871 1398 1053 1449 proferri
1082 1410 1288 1440 meretur:
1316 1401 1511 1457 Ἀποσμύ-

48 1469 102 1504 χαι
120 1483 131 1502 ,
176 1452 326 1491 Deuro
341 1482 353 1501 ‚
402 1453 491 1507 igni
536 1452 726 1491 absumo.
786 1453 1062 1507 Ilffelaplzorice
1093 1458 1214 1494 utiim·
1243 1457 1512 1500 Lucianus

48 1510 86 1547 in
110 1507 208 1550 dial,
233 1509 367 1562 Terps.
391 1520 425 1547 et
445 1508 550 1549 Plut.
582 1506 830 1562 ὑποπρίουσι
855 1508 952 1558 τούς
987 1508 1154 1559 ὀδόντας
1188 1509 1511 1570 ἀποσμυγέντες,

50 1577 145 1602 cum
170 1564 353 1604 stridore
383 1564 575 1604 dentium
598 1564 872 1615 infrendent,
906 1575 948 1605 et
968 1579 1069 1618 prae
1091 1566 1238 1608 dolore
1257 1571 1510 1622 ardescunt,

48 1636 115 1660 seu
137 1620 429 1660 exardescunt.
489 1621 582 1660 Nisi
605 1620 723 1659 malis
742 1620 1080 1674 extabeseentes‚
1112 1627 1309 1665 macerati
1332 1638 1374 1667 et
1407 1643 1514 1667 con-

50 1676 154 1715 fecti
177 1677 346 1716 dolore:
379 1693 472 1715 nam
492 1674 626 1730 σμύχω
647 1679 847 1731 significat
867 1693 945 1717 non
964 1678 1091 1718 solum
1114 1683 1230 1731 καίω,
1244 1698 1374 1723 verum
1395 1688 1513 1724 etiam

50 1734 246 1787 μαραίνω.
307 1733 535 1771 Haecine:
569 1732 902 1786 sed-antequam
931 1736 1145 1786 explorati
1175 1737 1280 1789 quid
1303 1740 1513 1779 constitui

51 1789 204 1842 possit,
228 1788 450 1828 enodanda
475 1789 593 1827 venit
605 1790 751 1840 paullo
773 1788 1022 1842 diligentius
1044 1801 1193 1830 natura
1215 1794 1334 1832 verbi
1356 1806 1398 1834 et
1417 1810 1516 1848 pro·

56 1845 149 1897 pria
172 1842 447 1899 significandi
465 1843 556 1884 dos.
615 1844 737 1882 Illam
769 1853 931 1883 veteres
954 1856 1192 1897 posuerunt
1216 1863 1303 1889 non
1339 1852 1385 1889 in
1413 1853 1514 1906 igne

52 1902 274 1940 luculento
289 1931 300 1950 ,
338 1901 414 1956 qui
435 1903 519 1939 late
530 1898 736 1938 flammam
759 1901 1031 1952 conspicuam
1053 1913 1246 1958 spargat,
1280 1907 1351 1946 sed
1380 1908 1424 1946 in
1445 1923 1511 1958 6ο,

55 1956 130 2010 qui
149 1957 281 1996 caecis
311 1956 422 1995 intra
446 1955 609 1996 viscera
633 1969 859 2008 corporum
893 1956 1106 1996 alimentis
1137 1962 1326 2002 nutritus
1360 1965 1514 2003 sensim

16 2015 21 2018 ⁴
51 2012 184 2066 serpit
209 2013 404 2065 proxima
426 2012 685 2065 corripiens,
719 2012 922 2066 fumoque
943 2026 985 2052 se
1013 2023 1179 2053 tantum
1205 2019 1362 2069 prodit.
1394 2019 1514 2059 Idem

52 2083 188 2122 paene
217 2068 390 2108 verbum
413 2078 454 2107 et
474 2066 784 2121 pronuntiandi
808 2068 958 2118 modo,
990 2080 1032 2108 et
1066 2071 1386 2124 significatione
1412 2077 1516 2115 Bel-

55 2139 132 2178 gae
156 2139 382 2164 servamus.
441 2125 567 2163 Licet
582 2123 780 2162 Homerus·
815 2124 1127 2176 aliquantulum
1142 2160 1154 2177 ‚
1184 2140 1337 2183 utpote
1358 2137 1484 2185 poeta
1499 2162 1513 2180 ,

54 2183 191 2234 legem
213 2194 301 2219 eam
324 2181 571 2234 migraverit
592 2181 644 2218 Il.
671 2185 703 2220 I.
726 2183 822 2223 649.
851 2202 909 2211 --
937 2180 1038 2222 κατά
1058 2200 1098 2224 τε
1117 2182 1258 2236 σμύξαι
1276 2191 1376 2242 πυρὶ
1396 2193 1514 2240 νῆας,

52 2236 141 2276 vim
165 2244 304 2275 tamen
323 2237 510 2274 nativam
536 2244 647 2275 recte
673 2235 915 2275 scholiastes
941 2236 1149 2288 declarat,
1183 2256 1238 2280 ex
1273 2258 1410 2297 eoque
1428 2244 1518 2286 Eu-

56 2292 174 2332 stam.
198 2305 294 2346 pag.
314 2296 410 2336 781.
440 2290 546 2332 Ἐστὶ
579 2291 621 2332 δὲ
654 2289 796 2345 σμύξαι
825 2291 869 2333 τὸ
902 2297 1070 2341 καῦσαι,
1102 2293 1296 2348 ’ἢκαπνόν
1326 2302 1369 2343 ἐκ
1390 2301 1519 2356 πυρὸς

54 2345 295 2397 ἀναδοῦναι,
328 2345 351 2393 ὃ
372 2349 440 2390 καὶ
457 2345 600 2400 τύφειν
624 2348 795 2402 λέγεται·
827 2349 867 2397 ἐξ
888 2346 1012 2390 αὐτοῦ
1032 2351 1074 2391 δὲ
1104 2355 1172 2395 καὶ
1192 2353 1236 2396 τὸ
1263 2354 1385 2408 χόλον
1415 2355 1517 2399 ’ὕπο-

58 2400 221 2458 σμύχειν
237 2401 265 2457 ἢ
287 2403 454 2457 φθόνον
478 2406 655 2456 εἴληπται
669 2418 679 2428 ·
710 2405 865 2446 ἐκεῖθεν
883 2405 923 2446 δὲ
942 2406 1059 2449 καὶτὸ
1081 2408 1295 2465 σμυγερόν,
1326 2410 1416 2465 ἤτοι
1436 2415 1520 2456 ἐπί,

55 2478 187 2504 πονον
208 2470 286 2502 etc.
349 2460 592 2500 Conferuut
613 2469 751 2499 autem
768 2458 812 2501 τὸ
835 2457 999 2512 τύφειν,
1032 2467 1384 2521 quemadmodum
1403 2479 1445 2509 et
1456 2471 1518 2510 fe·-

58 2516 119 2556 cit
141 2516 474 2572 Schol.Sophocl.
492 2515 542 2554 ad
566 2516 709 2569 Antig.
726 2530 767 2556 v.
793 2522 912 2560 1021,
946 2532 1164 2571 exponens
1198 2521 1242 2565 τὸ
1268 2522 1396 2579 ἠρέμα
1420 2523 1519 2568 ὑπο-

62 2571 232 2626 σμὺχειν·
246 2587 333 2612 non
347 2571 543 2626 equidem
558 2571 778 2612 intercedo
792 2605 801 2623 ,
815 2587 1053 2628 quanquam
1077 2586 1120 2616 et
1140 2580 1343 2619 nonnihil
1355 2581 1519 2622 diversa

59 2629 119 2666 sit
140 2628 361 2683 utriusque
383 2629 545 2678 virtus,
579 2637 621 2667 et
639 2641 715 2680 per
738 2627 923 2668 diversas
944 2631 1152 2672 orationis
1173 2634 1375 2690 figuratae
1397 2638 1522 2678 semi-

63 2693 128 2721 tas
147 2694 393 2739 propagata.
454 2685 597 2723 Radix
619 2698 719 2723 vero
745 2685 1015 2740 significandi
1041 2688 1178 2741 prima
1202 2693 1247 2729 in
1283 2694 1521 2746 composito

61 2737 290 2795 διασμύχειν
314 2740 544 2783 admodum
572 2740 775 2800 graphice
806 2740 1056 2797 depingitur
1084 2759 1108 2785 a
1142 2745 1300 2807 Gregor.
1329 2749 1441 2805 Nysa
1472 2749 1521 2790 T.
