1741 3085
221 206 323 253 606
578 207 1320 241 ADNOTATIONES

224 313 353 358 αὐτοῦ
377 314 493 353 τοῦτο
521 307 568 350 ὂν
597 309 831 359 σειλνηνῶδες
859 302 1017 358 σφόδρα
1045 317 1108 360 γε·
1148 304 1393 359 ibidemque
1420 303 1602 359 Σάτυρος
1629 316 1673 347 et

228 368 434 423 Μάρσυας
455 363 589 404 audit.
647 364 745 402 Hoc
767 372 904 401 autem
923 361 1195 415 praecipuum
1219 375 1317 400 suae
1340 363 1502 401 formae
1529 362 1670 413 decus,

227 438 276 466 ut
308 434 397 464 erat
425 424 543 475 εἷ’ρων
572 419 624 458 ad
657 433 841 472 unguem
871 419 1031 469 factus,
1066 417 1257 458 defendit
1287 419 1377 470 ipse
1402 418 1594 458 Socrates
1626 420 1672 457 in

227 480 407 533 Xenoph.
429 479 573 529 Symp.
596 490 638 528 p.
660 479 756 519 519.
780 479 875 519 520.
897 488 991 513 nam
1011 475 1086 513 tali
1110 488 1204 512 eum
1229 472 1344 512 dicto
1365 474 1563 528 tetigerat
1582 474 1675 513 Cri-

228 539 401 578 tobulus
423 548 464 587 p.
485 535 580 577 515-
600 546 639 570 v·
659 537 726 575 28.
756 530 805 583 νὴ
828 533 927 581 Δία,
957 528 984 582 ἢ
1012 527 1175 572 πάντων
1193 535 1401 582 Σειληνῶν
1423 535 1502 571 τῶν
1530 531 1572 572 ἐν
1592 536 1676 579 τοῖς

230 597 468 644 Σατυρικοῖς
482 586 697 641 (δράμασιν
713 588 936 641 intellig03
968 590 1094 640 longe
1115 586 1236 625 aliter
1257 596 1383 639 atque
1409 587 1679 639 interpretes)

230 653 428 702 αἴσχιστος
446 644 496 689 ἂν
516 648 622 698 εἰἠιν
655 642 861 697 additque
879 643 1117 696 Xenophon,
1150 639 1171 683 ὁ
1189 642 1230 683 δὲ
1250 640 1468 694 Σωκράτης
1486 643 1550 683 καὶ
1571 640 1678 697 ἐτύγ-

228 723 320 760 χανε
338 699 622 756 προςεμφερὴς
639 697 794 747 τούτοις
813 697 881 740 ὤν.
942 701 1005 737 Re
1026 708 1164 737 tamen
1189 712 1286 737 vera
1307 698 1516 752 singulari
1539 700 1682 736 vultus

229 758 553 816 pulchritudine
572 758 763 795 Socrates
782 756 859 795 nec
880 755 1052 808 gloriari
1077 763 1263 807 poterat,
1299 768 1377 792 nec
1396 754 1599 806 profecto
1611 767 1681 792 cu·

229 817 389 872 piebat‚
423 814 497 868 qui
516 821 731 852 externam
751 811 929 863 speciem
950 810 1198 863 despiceret,
1231 810 1440 849 internam
1462 812 1592 848 solam
1612 808 1683 848 ad-

229 874 476 913 miraretur:
507 868 892 923 quareTheodorus
905 866 954 904 de
968 865 1202 904 Theaeteto
1223 865 1490 905 adolescente
1511 865 1557 903 in
1582 879 1682 919 cog-
1703 903 1707 906 ,

232 928 405 968 nomine
439 924 621 966 Platonis
653 922 824 975 dialogo
856 936 896 974 p.
925 926 1018 964 107.
1044 921 1092 960 C·
1108 925 1185 963 νῦν
1206 923 1268 972 δὲ,
1298 922 1364 962 καὶ
1379 921 1431 974 μή
1450 937 1519 973 μοι
1536 918 1682 974 ἄχθου,

232 984 309 1028 οὐκ
330 985 408 1024 ἔστι
427 980 566 1028 καλός·
598 981 805 1032 προςὲοικε
826 979 868 1019 δέ
886 991 948 1018 σοι
969 974 1041 1028 τήν
1060 994 1099 1018 τε
1121 975 1331 1029 σιμότητα,
1361 978 1430 1018 καὶ
1448 974 1491 1018 τό
1516 977 1587 1025 ἕξω
1604 982 1685 1018 τῶν

230 1038 431 1092 ὀμμάτων,
493 1038 558 1075 Eo
579 1035 824 1087 saepissime
852 1034 1076 1083 scriptores
1100 1033 1266 1085 antiqui
1293 1042 1552 1085 respectant:
1584 1032 1685 1072 vide

232 1097 377 1139 Athen.
403 1094 453 1133 V.
470 1107 518 1145 p.
542 1096 636 1134 219.
666 1092 717 1129 A.
749 1090 875 1129 Illam.
906 1091 1068 1143 Tyrium
1094 1088 1341 1127 Dissertatt.
1366 1088 1567 1129 XXXVI.
1590 1101 1684 1141 pag,

231 1156 329 1196 875.
361 1154 402 1192 οῖ
428 1149 536 1201 σιμοὶ
567 1150 634 1188 καὶ
666 1149 707 1189 οἷ
735 1143 1021 1200 προγάστορες.
1094 1143 1244 1183 Julian.
1277 1144 1395 1183 Caes.
1426 1158 1467 1197 p.
1497 1147 1594 1188 314.
1625 1146 1683 1184 D.

234 1210 367 1258 Syncs.
404 1206 522 1244 Calv.
551 1204 656 1243 Eric.
688 1217 729 1254 p.
755 1206 821 1244 69.
852 1202 900 1240 B.
950 1202 1094 1252 Atque
1122 1199 1227 1238 adeo
1257 1214 1344 1238 non
1378 1204 1460 1251 jam
1491 1199 1685 1252 suspicor

234 1257 360 1302 verba
388 1262 580 1300 Varronis
600 1258 713 1311 apud
736 1258 910 1297 Nonium
929 1271 968 1309 p.
989 1259 1055 1299 25.
1084 1265 1132 1293 ut
1158 1256 1259 1293 olim
1279 1254 1332 1293 ad
1354 1254 1456 1295 Poll.
1477 1255 1563 1306 IX,
1589 1261 1682 1300 148·

235 1320 287 1358 de
308 1319 477 1364 Sileno,
511 1314 583 1353 sed
603 1328 736 1366 paene
763 1313 870 1350 mihi
895 1311 1127 1364 persuadeo
1153 1310 1202 1350 de
1226 1312 1396 1351 Socrate
1419 1325 1506 1349 esse
1528 1312 1688 1351 intelli-

236 1373 385 1429 gendar,
416 1370 542 1410 modo
566 1382 791 1422 parumper
812 1367 1032 1407 emendata
1053 1367 1155 1405 huic
1172 1367 1338 1406 homini
1364 1366 1687 1406 adcommoden·

235 1442 326 1469 tur:
359 1429 498 1467 Nonne
517 1429 616 1464 enim
641 1441 758 1462 unum
782 1423 919 1476 (quod
940 1424 1019 1462 etsi
1039 1423 1215 1461 retineri
1237 1423 1387 1474 possit,
1401 1426 1511 1461 malo
1531 1432 1687 1473 tamen,

235 1487 374 1525 Nonne
400 1485 500 1521 enim
528 1484 596 1519 vel
625 1496 707 1518 eum
734 1478 885 1530 senem)
914 1479 1088 1518 scribunt
1116 1495 1192 1516 esse
1212 1479 1430 1530 grandibus
1456 1479 1686 1532 superciliiS,

235 1541 418 1587 silonem,
451 1534 723 1591 quadratum?
753 1534 842 1572 fieri
871 1543 981 1572 certe
1006 1548 1092 1571 non
1127 1542 1291 1585 potest,
1329 1535 1432 1586 quin
1464 1535 1509 1571 in
1538 1535 1688 1586 Satyra

235 1596 470 1647 Menippea
490 1597 629 1633 Γνῶθι
657 1589 846 1639 σεαυτὸν,
878 1589 992 1628 unde
1023 1588 1126 1627 haec
1148 1599 1248 1626 sunt
1272 1588 1510 1641 depromta,
1542 1591 1688 1628 Socra-

235 1654 292 1691 tis
315 1650 446 1689 Varro
466 1648 716 1686 meminerit.
776 1647 844 1683 Ex
865 1644 1035 1683 Latinis
1057 1644 1212 1682 similes
1231 1644 1390 1683 formae
1410 1644 1688 1698 philosopho-

234 1722 325 1746 rum
352 1704 541 1757 parentis
568 1702 773 1755 imagines
799 1700 983 1753 protulit
1003 1700 1152 1738 Saum-0
1173 1698 1224 1736 ad
1245 1698 1428 1752 Apollin.
1449 1700 1587 1740 Sidon.
1606 1702 1685 1742 IX.

234 1765 315 1815 Ep.
339 1767 376 1804 9.
394 1775 435 1813 p.
458 1762 554 1802 586.
594 1757 778 1796 HEMsT.

347 1815 449 1856 Eacl.
471 1818 500 1854 1.
518 1819 581 1857 17.
616 1815 697 1855 Καὶ
716 1810 832 1854 τοῦθ’
856 1809 1017 1864 ὅμοιον)
1052 1810 1194 1850 Videre
1216 1810 1370 1850 calvum
1388 1811 1500 1850 illum
1515 1812 1537 1852 Ξ)
1563 1813 1685 1853 Mens

238 1874 379 1913 Omne..-
402 1870 506 1910 calvi
527 1881 641 1922 sum,-
682 1885 803 1923 quare
827 1879 861 1906 et
882 1871 1053 1906 omnium
1071 1868 1145 1906 lzoc
1167 1869 1315 1919 insigne
1331 1869 1392 1906 sit.
1452 1869 1580 1908 Aeac.
1611 1869 1686 1909 Si-

233 1947 336 1968 mum
358 1927 470 1967 illum
489 1926 592 1966 dico,
651 1927 770 1964 Men.
793 1925 843 1963 Et
869 1923 971 1962 illud
986 1923 1131 1962 simile:
1162 1925 1252 1961 simi
1271 1926 1370 1961 enim
1389 1938 1531 1962 omncs.
1589 1925 1687 1964 Lu-

234 1989 390 2023 cianum
412 1982 631 2034 scripsisse
651 1981 849 2020 existimo
876 1977 1029 2031 ὅμοιοι,
1063 1993 1147 2017 non
1168 1988 1214 2015 ut
1236 1981 1364 2032 vulgo
1379 2008 1389 2024 ,
1422 1976 1575 2031 ὅμοιον.
1636 1980 1683 2019 Si

233 2041 437 2080 Lucianus
459 2038 667 2077 voluisset
687 2036 801 2074 hunc
829 2036 872 2072 in
894 2034 1087 2083 modum,
1121 2034 1186 2071 uti
1210 2037 1337 2087 vulgo
1365 2035 1547 2088 legitur,
1575 2037 1685 2074 scri-

233 2095 346 2146 bere,
379 2092 655 2146 meoiudicio
678 2091 914 2143 scripsisset
934 2090 1033 2132 ἴσον.
1094 2090 1152 2127 At
1172 2091 1321 2128 maluit
1345 2090 1683 2144 vulgatissimum

234 2151 353 2189 illum
385 2149 714 2197 Hellenismum‚
747 2162 831 2201 quo
859 2157 900 2185 et
924 2147 1035 2184 infra
1066 2146 1204 2184 utitur
1236 2146 1280 2183 in
1304 2146 1681 2186 Reviviscentibus

234 2221 270 2246 c.
298 2214 360 2250 13.
388 2203 548 2252 Πολλὰς
570 2201 710 2256 ὁμοίας
731 2201 814 2255 ὁρῶ
841 2199 884 2244 τό
906 2219 949 2255 γε
972 2208 1120 2255 σχῆμα,
1152 2203 1220 2241 καὶ
1239 2199 1282 2242 τὸ
1299 2199 1494 2254 βάδισμα,
1527 2204 1592 2243 καὶ
1607 2200 1682 2255 τὴν

232 2259 460 2316 εἷυαβολὴν,
492 2259 650 2299 Multas
669 2258 813 2298 similes
833 2261 930 2297 inter
948 2274 986 2296 se
1008 2275 1085 2296 esse
1109 2257 1233 2305 video,
1265 2268 1453 2310 quantum
1474 2269 1508 2296 et
1525 2258 1580 2297 ad
1598 2259 1680 2297 ha·-

236 2317 376 2363 bitunz,
407 2329 441 2356 ez
462 2315 517 2354 ad
535 2319 744 2363 incessum,
777 2331 845 2353 nec
869 2330 946 2352 non
965 2314 1162 2352 vestitum:
1193 2323 1235 2351 et
1255 2314 1315 2351 sic
1336 2314 1506 2365 passim.
1551 2314 1676 2354 Jews.

233 2373 465 2426 Argutiora
486 2371 590 2410 haec
613 2384 702 2409 esse
725 2369 935 2410 videntur.
973 2370 1130 2407 LmrM.
1604 2396 1606 2399 v

348 2429 447 2480 Pag.
469 2432 564 2470 218.
586 2429 614 2467 l.
636 2431 676 2469 4.
714 2428 864 2466 Πολλοὶ
882 2430 963 2465 τῶν
989 2427 1090 2466 νέων
1112 2422 1218 2477 etc.)
1247 2423 1431 2478 Legitur
1452 2424 1496 2462 in
1517 2423 1678 2464 editio-

233 2483 382 2522 nibus:
412 2484 551 2525 πολλοὶ
577 2486 655 2523 τῶν
682 2482 785 2522 νέων
814 2486 1053 2533 φιλοσοφεῖν
1078 2482 1250 2534 λέγουσι,
1288 2482 1354 2521 καὶ
1379 2479 1471 2534 τάγε
1501 2477 1679 2534 σχήματα

233 2538 334 2581 αὐτοὶ
356 2540 423 2580 καὶ
450 2537 497 2579 τοὶ
521 2539 741 2590 βαδίσματα
761 2539 797 2578 εἰ
824 2534 1013 2578 θεάσαιτό
1035 2553 1116 2585 τις,
1149 2533 1266 2589 ἄκροι
1298 2534 1527 2587 φιλόσοφοι.
1570 2535 1677 2588 μάλα

231 2598 394 2637 πολλοὶ·
423 2592 471 2635 τὰ
489 2592 530 2634 δ’
549 2590 647 2634 ἀλλὰ
668 2590 844 2645 ἑώρακας
864 2591 986 2645 οἶμαι.
1018 2593 1146 2630 Hunc
1165 2594 1305 2628 locum
1328 2590 1545 2629 foedatum
1567 2605 1685 2642 esse,r

233 2650 394 2689 dudum
424 2648 542 2699 vidi3
584 2649 658 2687 sed
688 2648 900 2703 quomodo
939 2648 1110 2702 purgari
1141 2654 1304 2697 posset,
1350 2659 1436 2684 non
1468 2646 1679 2688 videbam.

233 2706 501 2750 Exciderunt.
520 2703 633 2745 enim
654 2716 799 2756 voceS,
834 2718 936 2758 quas
962 2704 1038 2743 ubi
1061 2715 1113 2741 ex
1131 2701 1217 2740 Ms.
1236 2703 1486 2754 reposueris,
1516 2717 1675 2758 cogno·
