1741 3132
359 267 416 299 tn
454 265 776 297 umnoeos
812 266 1217 303 monruonunt.
1416 263 1514 310 48⁷1

56 368 201 420 etjam
223 360 272 408 οὗ
296 364 371 422 γὰρ
398 360 588 418 ἀνέξομαί
608 381 664 420 γε.
723 363 965 404 Manifesto
987 368 1093 418 vult,
1125 381 1168 407 se
1198 367 1398 423 imparem
1424 387 1516 416 ease

51 431 120 462 tot
139 422 356 477 tantisque
383 421 594 460 mandatis
622 421 877 471 sustinendis,
906 421 1106 476 ferendis,
1140 433 1181 464 et
1214 426 1331 473 fore,
1361 438 1410 468 ut
1429 444 1512 470 me-

53 479 190 518 moria
219 479 358 532 ipsum
379 477 550 517 tandem
583 476 770 520 deficiat,
830 479 898 517 Sal
928 490 1066 518 autem
1100 481 1144 519 in
1180 495 1230 520 eo
1262 493 1347 534 est,
1394 487 1512 539 quod

50 535 210 574 Pollux
239 545 288 574 ut
324 535 511 590 vulgaris
540 533 721 573 nuntius
750 532 946 586 adparet,
979 535 1053 589 qui
1086 551 1172 576 non
1215 541 1322 577 ultra
1364 544 1510 581 termi-

53 606 131 631 nos
155 601 290 631 certos
317 590 557 631 onerandus
582 590 636 629 sit
661 589 884 632 mandatis.
944 591 1381 635 Lacedaemoniorum
1404 603 1508 638 mol-

49 648 167 687 lities
189 647 365 687 nonnisi
389 647 524 687 obiter
543 647 766 702 pungitur.
827 647 1025 686 Ceterum
1045 660 1256 701 postrema
1290 653 1507 707 Diogenis

48 703 175 743 verba
205 703 469 754 Wielandius,
503 704 650 743 nescio
682 702 973 756 quamobrem,
1007 719 1179 758 prorsus
1207 706 1504 760 praetermisit.

46 760 205 799 meM.

157 817 260 870 Pag.
289 821 381 860 142.
405 818 430 855 l.
454 820 518 860 18.
550 813 898 870 Μετοικῆσωμεν)
925 816 1027 856 Alio
1057 819 1289 872 migremus:
1319 822 1503 876 μετοική-

47 886 170 927 σομεν
191 873 432 912 mendosam
451 871 678 911 lectionem
692 883 862 912 secutus
883 882 946 912 est
967 873 1124 926 interp.
1146 876 1210 915 Bo
1222 892 1326 917 Uno.
1391 885 1504 921 ῘΡΙε-τ-

47 926 266 982 οικήσομεν
292 931 378 967 Ms.
416 928 500 968 Ox.
526 927 590 967 ed.
616 929 663 970 Β.
686 935 724 972 2.
744 930 818 969 W.
838 929 898 968 St.
920 940 962 968 et
982 929 1135 969 Hemst.
1172 933 1343 984 melius,
1376 950 1500 987 quam

44 985 163 1038 quod
191 986 237 1023 in
269 985 444 1039 reliquis
472 994 535 1024 est
572 984 880 1039 μετοικήσωμεν,
913 986 1078 1024 ὃοιΛΝ.
1155 987 1253 1026 Non
1283 1000 1346 1028 est
1380 992 1499 1030 fasti-

43 1040 198 1081 dienda
216 1044 342 1093 plane
362 1040 493 1080 lectio
513 1042 789 1094 plurimarum
813 1041 904 1083 edd,
930 1040 1250 1097 μετοικήσωμεν,
1285 1060 1332 1083 ac
1364 1048 1398 1085 si
1433 1048 1498 1086 di-

40 1107 154 1147 cant,
182 1113 284 1151 pace
304 1108 372 1136 tna
391 1096 507 1136 liceat
527 1098 640 1136 nobis·
662 1097 743 1137 alio
763 1099 956 1149 migrare:
986 1112 1082 1136 nam
1104 1109 1145 1138 et
1163 1100 1291 1139 modo
1318 1117 1493 1156 rogave-

36 1151 134 1193 'ran't
154 1154 400 1199 Plutonem.
433 1150 460 1205 ἢ
480 1152 634 1194 ἐκεῖνόν
666 1171 737 1195 ποι
761 1153 1023 1207 κατάστησον.
1079 1155 1181 1193 Non
1214 1160 1392 1196 multum
1429 1175 1496 1198 re-

38 1209 147 1259 fert,
177 1218 318 1248 utrnm
344 1209 615 1261 praetuleris:
647 1209 776 1247 malui
798 1220 960 1259 tamen,
993 1209 1108 1264 quod
1130 1211 1362 1263 interprete
1383 1218 1494 1267 reje—

41 1275 112 1305 cto
144 1264 394 1305 mendosum
430 1265 684 1318 pronuntiat
706 1265 1007 1315 Bourdelotius,
1039 1265 1346 1321 μετοικήσομεν·
1389 1270 1493 1310 haec

33 1322 147 1362 enim
169 1321 292 1375 quasi
303 1321 581 1360 comminatio
602 1321 895 1360 mutandarum
909 1321 1071 1361 sedium
1092 1324 1329 1374 expressius
1353 1336 1493 1365 osten·

0 1416 1 1421 ,
33 1377 118 1428 dit,
149 1387 311 1431 quanto
342 1391 469 1430 opere
488 1376 701 1429 Menippo
726 1380 889 1415 nullum
909 1392 952 1418 se
981 1378 1166 1417 vexandi
1191 1394 1321 1433 genus
1355 1382 1494 1420 absti-

0 1452 2 1496 ἱ
31 1434 154 1475 nenti
175 1433 507 1473 succensuerint.
566 1433 771 1485 Necyom.
796 1437 834 1482 0,
858 1438 923 1477 19.
955 1436 1020 1477 καὶ
1040 1436 1345 1478 διασκέπτεσθαι
1365 1455 1496 1490 μετοι-

0 1498 2 1516 ¹
29 1496 115 1533 κεῖν
132 1487 178 1532 οὗ
196 1491 396 1544 φέροντας
413 1488 484 1531 τὸν
514 1490 733 1544 Διογένην·
776 1489 838 1527 ibi
872 1490 1094 1545 Diogenes
1129 1490 1239 1529 idem
1269 1494 1493 1547 negotium

30 1546 163 1602 gerit,
195 1544 312 1600 quod
330 1545 402 1585 hic
420 1545 671 1598 Menippus.
703 1547 885 1588 Hmsw.
947 1546 1153 1587 Notidum
1174 1559 1379 1601 ceperunt
1407 1551 1492 1590 No..

31 1614 178 1654 etrum,
222 1601 300 1655 qui
351 1602 691 1641 conversationis
736 1601 909 1641 modum
944 1602 1154 1656 quendam
1183 1607 1418 1657 elegantem
1447 1617 1491 1645 et

31 1659 241 1697 urbanum
259 1658 373 1697 inter
392 1657 554 1696 inferos
576 1667 619 1697 et
638 1657 758 1698 Deos
770 1661 973 1698 coelestes
995 1658 1039 1696 in
1060 1657 1127 1696 his
1146 1659 1346 1712 Dialogis
1363 1675 1488 1713 quae·

34 1724 165 1762 runt,
196 1714 397 1767 hancque
421 1712 527 1751 adeo
550 1727 737 1751 normam
770 1713 961 1767 fingunt,
1001 1713 1051 1752 ad
1084 1727 1208 1767 quam
1239 1715 1396 1768 passim
1424 1719 1489 1756 lo.

28 1769 253 1825 quentium
296 1783 430 1808 sermo
471 1768 734 1808 revocandus
764 1769 834 1809 sit.
896 1770 988 1808 Imo
1017 1768 1101 1808 hoc
1132 1770 1268 1821 ipsum
1301 1770 1487 1812 Luciano

28 1826 301 1880 propositum
322 1824 429 1873 fuit,
463 1833 512 1861 ut
535 1825 727 1863 Deorum
750 1825 977 1879 gentilium
1000 1824 1253 1879 dignitatem
1285 1835 1327 1865 et
1360 1831 1488 1880 maje-

27 1891 204 1929 statem,
249 1889 456 1934 quantum
490 1889 657 1932 posset,
701 1879 753 1918 ad
786 1883 978 1934 vulgares
1011 1881 1197 1919 rationes
1231 1881 1485 1924 detraheret.

25 1937 80 1978 Id
100 1951 229 1991 quum
252 1936 298 1975 in
318 1936 511 1975 Deorum
537 1936 782 1974 coelestium
807 1946 848 1974 et
870 1937 1129 1976 marinorum
1157 1937 1360 1992 Dialogis
1385 1953 1485 1992 pae-

25 2008 81 2034 ne
105 1992 303 2033 omnibus
324 2005 371 2030 ac
390 1991 573 2046 singulis
604 1993 790 2030 maxime
825 1992 882 2030 sit
915 1994 1206 2043 conspicuum,
1239 2002 1328 2031 tum
1369 1994 1485 2034 inter

27 2049 191 2089 inferos
219 2063 306 2087 non
327 2048 468 2085 minus
490 2046 770 2087 animadverti
792 2057 947 2100 potest.
1007 2047 1118 2088 Vide
1148 2048 1275 2088 modo
1306 2050 1483 2103 Menip-
1526 2090 1533 2094 vr

24 2119 127 2160 pum
150 2105 251 2145 dial.
272 2103 416 2143 XXII.
431 2103 621 2142 Charoni
641 2112 683 2142 et
703 2106 845 2142 Aeaco
868 2107 1040 2143 naulum
1063 2107 1228 2144 solvere
1244 2105 1482 2157 praefracte

22 2171 315 2211 recusantem3
344 2158 444 2198 audi
465 2159 741 2211 Terpsionem
763 2159 862 2198 dial.
888 2160 964 2200 VI.
995 2161 1222 2199 Plutonem
1256 2161 1395 2213 ipsum
1416 2161 1482 2199 in-

22 2216 216 2271 justitiae
240 2215 508 2254 adcusantem
526 2246 536 2264 ,
571 2214 685 2268 quod
711 2215 850 2267 ipsum
881 2224 1143 2268 praematura
1166 2224 1300 2254 morte
1324 2215 1372 2254 ab
1400 2217 1483 2256 he-

26 2271 209 2311 reditate
231 2285 306 2324 per
324 2275 390 2325 jus
413 2280 589 2309 naturae
619 2270 701 2308 sibi
727 2270 869 2310 debita
890 2272 1018 2312 avelli
1038 2271 1212 2325 jusserit
1233 2281 1276 2310 et
1296 2273 1483 2326 Menip-

24 2341 128 2381 pum
151 2328 196 2365 in
218 2326 300 2366 hoc
324 2329 419 2379 ipso
442 2325 613 2382 dialogo
647 2336 795 2365 nostro
819 2326 871 2365 ad
890 2326 1006 2383 lgunc
1037 2328 1174 2379 ipsum
1205 2326 1307 2366 Orci
1339 2342 1480 2383 regem

28 2382 169 2423 dicere
190 2383 439 2422 audentem:
470 2383 537 2423 καὶ
554 2380 603 2422 σύ
626 2386 854 2435 μωραίνεις,
887 2384 917 2424 ὦ
942 2383 1165 2433 Πλούτωνς
1195 2382 1376 2423 adtende
1397 2384 1481 2422 de-

24 2439 156 2493 nique
177 2440 411 2479 Sostratum
443 2441 650 2477 latronem
682 2439 777 2480 dial.
808 2438 947 2479 XXX.
975 2439 1175 2478 audacter
1205 2453 1297 2477 cum
1326 2440 1482 2480 Mino&

25 2499 389 2547 expostulantem,
423 2493 539 2546 quod
561 2495 717 2547 injuria
742 2495 970 2547 puniatur,
1004 2505 1045 2534 et
1065 2494 1180 2533 hunc
1200 2492 1482 2547 justissimum

23 2550 189 2591 scilicet
208 2551 394 2604 judicem
415 2549 584 2589 tandem
605 2551 885 2589 versutissimi
916 2550 1070 2603 capitis
1103 2550 1378 2603 sophismatis
1409 2567 1483 2592 ce-

25 2605 217 2646 dentem:
249 2621 326 2646 nec
350 2609 457 2644 male
477 2615 539 2656 te,
572 2606 749 2658 opinor,
782 2606 956 2645 habebit
988 2605 1096 2644 illud
1120 2606 1268 2646 Croesi
1297 2607 1481 2660 μετοική·

26 2676 169 2716 σομεν,
210 2672 255 2699 ut
286 2662 435 2700 habuit
463 2661 502 2703 b.
537 2662 743 2712 moesiam,
787 2663 860 2715 qui
903 2663 1079 2716 negavit
1108 2665 1309 2702 convenire
1337 2667 1479 2702 animis

26 2721 189 2770 pressis,
215 2718 386 2770 judicem
406 2721 636 2771 imperanter
657 2717 844 2772 adloqui:
877 2729 946 2757 aut
968 2719 1135 2774 *ita—fac,
1169 2729 1238 2756 aut
1260 2735 1329 2758 nos
1350 2719 1478 2757 nobis-

27 2785 102 2813 met
120 2776 196 2828 ipsi
215 2774 467 2813 consulemus.
529 2775 621 2813 Imo
643 2775 788 2827 potius
813 2774 920 2813 banc
954 2775 1122 2813 unicam
1154 2774 1289 2814 fuisse
1323 2784 1479 2813 aucto-

75 2841 223 2874 Luciam.
253 2840 331 2873 ml.
360 2842 402 2872 IL
1116 2831 1157 2869 H
1175 2829 1201 2869 h
