1741 3085
206 161 304 205 600
553 167 1301 200 ΑυΝοτΑτιοΝΕε

208 269 297 308 riae
318 267 578 322 periruium3
610 264 699 313 ubi,
732 263 767 302 si
792 262 1118 316 Sardanapalum
1141 263 1452 316 imprudentius
1478 275 1520 305 et
1542 282 1652 308 ηυντ·

210 322 382 376 κώτερον
405 322 556 360 fuisset
587 324 875 373 amplexatus,
919 333 1081 358 omnem
1112 319 1225 358 illam
1265 321 1377 360 forte
1398 336 1554 361 osseam
1575 326 1656 361 lar..

212 383 454 431 vamlongo
473 381 580 415 luxu
607 375 887 428 permollitam
922 375 1204 417 contrivisset,
1264 377 1315 414 In
1342 377 1504 430 Catapl.
1527 393 1563 418 c.
1589 384 1654 421 12.

213 436 265 475 de
284 436 450 474 servulo
471 447 650 485 nequam
689 432 964 500 conqueritur
973 431 1309 503 JMe'gapenthes,
1342 433 1416 486 qui
1443 447 1486 471 se
1518 433 1566 470 in
1589 434 1679 472 fu·-

213 491 332 530 neb1i
351 492 508 528 lectulo
531 487 749 527 cubantem
769 485 868 529 κατὰ
884 485 1034 540 κὸρῤης
1052 489 1186 529 ε’παιε·
1216 488 1321 537 τέλος
1340 489 1382 529 δὲ
1401 486 1524 529 niatu
1543 506 1609 541 χρε
1594 506 1657 541 ιι-

213 544 339 599 ψάμεῑ
344 562 417 594 ος,
461 545 528 585 καὶ
561 543 814 593 καταπτύσας
849 561 928 596 μου
959 576 968 585 .
1001 576 1009 584 .
1042 575 1050 585 .
1083 575 1091 583 .
1124 543 1257 600 ὤχετο.
1327 544 1373 582 Si
1399 544 1495 597 quis
1520 556 1657 585 autem

216 604 278 641 ita
308 601 486 640 lectioni
517 603 712 654 vulgatae
741 600 998 651 patrocinari
1030 586 1319 652 adgrediatur,
1350 601 1468 654 quasi
1488 601 1661 652 Menip-

215 672 297 713 pus
321 657 366 695 in
386 656 655 708 amplexum
644 671 706 695 1re
730 655 1003 709 Sardanapali
1029 664 1227 707 tanquam
1259 657 1398 694 mollis
1418 665 1459 694 et
1493 655 1663 695 cinaedi

218 715 387 765 cupiat,
418 712 452 750 is
473 714 652 749 multum
671 726 839 758 vereor,
872 726 922 750 ne
948 711 996 748 ab
1018 710 1220 749 instituto
1244 711 1418 751 Luciam:
1437 714 1564 765 longe
1585 711 1664 750 ab-

217 779 352 809 erret.
387 782 440 806 ne
469 781 580 804 nunc
615 766 773 818 dicam,
805 766 921 807 verbi
955 776 1226 817 structuram,
1268 782 1392 820 quam
1422 766 1664 820 repudiavi-

217 838 335 872 mus,
377 823 494 876 prius
531 837 619 862 esse
647 799 833 863 veter’um
871 823 1073 873 exemplis
1105 821 1418 864 adfirmandam.
1480 824 1661 864 HEMST.

219 879 491 920 Schmieclezns
508 893 634 932 quum
655 878 857 917 edidisset
887 875 1205 929 προςπτυξομαι,
1239 878 1353 931 quod
1388 893 1531 918 omnes
1562 879 1666 919 libri

218 935 439 984 exhibent,
473 944 619 997 postea
645 934 929 972 Hemstcrhusii
949 933 1283 972 emendationem
1307 937 1546 973 alterutram
1568 948 1666 988 pro·

218 990 359 1038 bavit,
392 997 440 1028 ut
473 991 565 1042 ipse
589 988 842 1041 profitetur
832 1004 876 1027 m
900 990 949 1027 T.
973 989 1030 1029 II.
1056 1003 1093 1039 p.
1116 990 1282 1027 XXIII.
1344 990 1543 1028 Matthiae
1569 1003 1670 1028 con-

218 1055 285 1085 tra
304 1045 441 1085 edidit
460 1044 630 1096 quidem
647 1042 885 1097 ποοςπτύσω
909 1047 998 1098 μὲν,
1031 1058 1170 1097 neque
1191 1059 1314 1093 vero,
1354 1058 1438 1108 quo
1460 1059 1598 1084 veram
1620 1059 1671 1084 ac

220 1102 448 1157 genuinam
468 1101 641 1140 haberet
662 1101 770 1140 hanc
790 1101 1040 1150 lectionem,
1073 1099 1145 1139 sed
1167 1100 1314 1153 quod
1304 1101 1519 1151 juniorum
1542 1104 1673 1146 lecto-

219 1172 312 1197 rum
338 1156 588 1210 pudicitiam
608 1168 831 1196 vereretur.
895 1156 1030 1209 Quam
1066 1156 1234 1220 quidem
1266 1155 1476 1195 rationem
1507 1166 1556 1194 ut
1588 1170 1674 1194 ma-

224 1214 333 1251 ximi
357 1212 470 1251 facio
494 1212 538 1249 in
560 1212 695 1266 probo
716 1213 953 1266 juventutis
976 1213 1193 1265 magistro,
1213 1211 1271 1250 ita
1287 1223 1424 1250 tamen
1447 1212 1492 1249 in
1518 1211 1673 1251 veteris

222 1272 513 1322 cujuscunque
535 1268 755 1320 scriptoris
778 1268 942 1307 editore
963 1271 1030 1307 vel
1049 1269 1279 1318 interpiete
1308 1266 1503 1330 equidem
1524 1266 1676 1306 admit-

221 1324 393 1362 tendam
417 1338 539 1377 nego.
600 1324 719 1362 Mihi
741 1334 853 1362 certe
865 1338 978 1363 nunc
997 1323 1041 1362 id
1055 1322 1261 1376 agendum
1285 1323 1442 1386 cogito,
1474 1332 1535 1372 ut,
1571 1321 1676 1375 quid.

187 1380 189 1382 ’
222 1394 321 1418 vere
356 1380 561 1419 Lucianus
589 1379 824 1431 scripserit,
870 1393 955 1418 non
993 1379 1096 1433 quid
1135 1393 1231 1418 eum
1256 1378 1474 1430 scripsisse
1506 1380 1672 1429 malim,

224 1444 420 1474 accurate
436 1436 666 1487 exquiram.
726 1435 980 1487 P1·,aecipua
1016 1437 1080 1474 vel
1103 1434 1247 1486 potius
1270 1449 1378 1482 una,
1414 1448 1519 1489 quae
1543 1433 1677 1474 Hem-

225 1490 455 1530 sterkusium
474 1490 636 1541 movit,
669 1504 811 1528 caussa
834 1488 1107 1528 Grammatici
1128 1490 1294 1542 generis
1320 1500 1403 1528 est:
1435 1498 1562 1542 negat
1579 1504 1679 1529 eru-

225 1545 462 1583 ditissimus
502 1546 592 1594 vir,
640 1555 753 1585 recte
793 1544 878 1582 dici
921 1543 1248 1597 προςπτύσσεθαί
1280 1561 1382 1594 τινι,
1430 1559 1558 1599 quum
1589 1546 1683 1585 fere?

225 1601 402 1649 Graeci,
437 1610 478 1639 et
508 1601 599 1654 ipse
629 1614 797 1655 quoque
828 1601 969 1640 Noster
986 1601 1117 1639 Dian,
1142 1601 1300 1663 V1133.
1315 1633 1324 1649 ‚
1367 1600 1555 1639 dixerint
1589 1617 1682 1641 τινα

224 1654 582 1711 προςπιύσσεσθαι.
615 1666 744 1710 negat
774 1665 912 1695 autem
946 1657 1049 1706 hoc,
1083 1655 1197 1708 quod
1231 1656 1315 1707 ipsi
1351 1669 1558 1707 nusquam
1587 1658 1678 1706 eius

225 1721 464 1751 structurae
495 1714 732 1765 exemplum
775 1712 1030 1763 occurrerit3
1069 1710 1185 1765 quod
1219 1725 1318 1750 sane
1348 1710 1393 1748 in
1418 1720 1560 1750 tantae
1593 1711 1681 1751 do·—

227 1769 390 1807 ctrinae
423 1777 590 1822 tamque
631 1768 835 1820 profusae
877 1767 1079 1806 lectionis
1116 1766 1210 1805 viro
1251 1767 1512 1820 aliquantum
1550 1769 1677 1807 valet.

227 1824 386 1864 Verum
405 1824 485 1863 etsi
517 1823 765 1872 concedam,
800 1823 968 1863 Scrinium
1000 1832 1042 1862 et
1070 1823 1256 1889 reliquos
1280 1821 1582 1861 Grammaticos
1611 1836 1681 1862 ve-

227 1888 351 1928 teres,
383 1879 457 1933 qui
480 1877 827 1933 προςπτύσσεσθαι
851 1894 942 1917 cum
962 1879 1128 1917 Dativo
1150 1878 1356 1944 conjungi
1380 1877 1596 1929 scribunt,
1622 1901 1678 1909 —--

232 1935 426 1975 suidase.
415 1949 477 1990 ..g
491 1935 795 2002 sicpraecipit:
826 1932 1129 1988 προςπτύξομαι
1141 1931 1682 1988 προςκυνήσομαιζειηπρος-

230 1990 472 2043 κιῑήσομαις
487 1995 516 2041 ),
546 1988 902 2044 περιπλακησομαι
934 1989 1215 2043 hoogmvssm,
1240 1993 1376 2044 δοτικῇ
1395 2013 1451 2020 -—
1467 1990 1581 2030 hunc
1601 2005 1679 2030 no-

232 2055 366 2085 strum
387 2049 528 2085 iocum
553 2056 652 2087 ante
674 2050 820 2086 oculos
844 2045 1055 2097 habuisse,
1086 2055 1127 2084 et
1149 2049 1312 2083 nullum
1328 2046 1482 2086 alium·
1512 2060 1601 2086 non
1621 2056 1684 2086 ta-

230 2115 329 2140 men
355 2102 531 2141 omnino
568 2102 927 2142 contemnendum
956 2112 1042 2153 est,
1073 2104 1143 2153 vel
1175 2115 1345 2154 prorsus
1374 2101 1678 2154 rejiciendum,

231 2159 320 2196 tale
355 2157 675 2209 testimonium,
707 2161 775 2198 vel
806 2167 1052 2211 propterea,
1085 2156 1201 2210 quod
1229 2157 1332 2196 hinc
1364 2166 1503 2210 patet,
1537 2158 1683 2198 Gram-

233 2212 413 2251 :maticos
435 2213 539 2252 istos
560 2227 638 2252 nec
661 2191 919 2267 improbasse
940 2213 1065 2252 istam
1086 2212 1205 2252 verbi
1224 2211 1569 2265 προςπτύσσεσθαι
1583 2228 1683 2254 con..

232 2267 428 2306 struendi
464 2270 699 2320 rationem,
731 2284 809 2309 nec
831 2269 955 2309 etiam
982 2268 1034 2308 de
1059 2269 1305 2322 integritate
1327 2268 1454 2322 hujus
1485 2269 1684 2311 lectionis

235 2321 465 2363 dubitasse.
526 2325 681 2363 Verum
700 2325 823 2364 etiam
845 2339 917 2377 per
948 2339 991 2364 se
1018 2325 1109 2377 ipsa
1138 2338 1182 2363 se
1204 2323 1399 2364 vindicat
1431 2323 1536 2364 haec
1567 2334 1685 2363 stru-

236 2386 379 2428 ctura,
410 2393 487 2417 nec
512 2378 717 2419 deficiunt
737 2390 983 2435 argumenta
1006 2395 1059 2420 ex
1077 2381 1212 2433 ipsius
1231 2380 1406 2420 Luciam'
1435 2394 1515 2419 usu
1542 2378 1686 2418 dedu-

237 2442 302 2470 cta
318 2462 329 2481 ,
363 2434 515 2486 quibus
535 2434 702 2474 bonitas
723 2440 814 2488 ejus
833 2436 1048 2488 probetur.
1106 2436 1282 2475 Scilicet
1298 2435 1425 2475 verba
1452 2448 1545 2474 cum
1579 2433 1684 2490 πρὸς

238 2489 473 2550 composita
514 2491 688 2530 omnino
720 2494 788 2531 vel
818 2489 1685 2542 Accusativum,ve1Dativum‚habeut

242 2543 466 2607 comitem,¹
511 2546 655 2596 prouti
692 2547 803 2586 ratio
834 2547 1072 2601 cogitatur,
1114 2560 1222 2600 quae
1249 2545 1473 2598 Obiectum
1501 2545 1612 2585 inter
1640 2555 1685 2586 et

242 2596 415 2637 verbum
455 2599 591 2650 ipsum
629 2601 884 2644 intercedit.
939 2603 1139 2655 Linguae
1182 2610 1329 2649 natura
1363 2601 1491 2640 facile
1520 2601 1683 2655 patitur

241 2650 588 2706 προςπτὺσσεσθαί
615 2672 704 2699 τινα
732 2657 842 2710 dici,
878 2656 955 2697 ubi
982 2657 1090 2698 velis
1119 2655 1302 2711 amplecti
1333 2655 1522 2712 aliquem,
1566 2673 1685 2714 προς·
