1741 3132
431 229 492 260 IN
530 226 835 259 mALoGos
873 229 1271 262 monruonunr.
1423 216 1522 264 555

67 322 222 380 δρομὴν
237 326 447 367 ποιεῖσθαί
473 341 594 374 τινος.
654 324 720 364 Ad
742 325 967 366 Lucicmum
994 326 1224 381 quadrant,
1254 341 1362 384 quae
1381 342 1523 370 coram

66 382 270 435 Scipione
300 380 350 422 de
381 396 423 421 se
453 384 660 436 gloriatur
691 382 910 421 Hannibal
937 383 1051 437 apud
1073 384 1252 438 Appiam.
1275 385 1367 437 Syr.
1389 399 1430 438 p.
1452 390 1522 430 91,

63 439 125 478 D.
143 439 232 486 νέος
249 437 323 492 γὰρ
354 435 409 480 ὦν
433 440 487 480 ἔτι
504 436 684 492 Ἰβηρίας
704 454 745 480 τε
766 437 988 493 ἐκράτησα,
1018 443 1083 482 καὶ
1112 445 1267 496 στρατῷ
1294 439 1341 482 τὰ
1360 440 1523 484 ''Ain-em

65 491 140 549 ὅρη
164 494 259 549 μεθ’
279 493 475 549 ΓΗρακλέα
496 501 652 548 πρῶτος
681 492 943 547 ὑπερῆλθον,
974 498 1014 544 ἒς
1031 515 1072 539 τε
1093 495 1167 548 τὴν
1183 494 1380 548 Ἰταλίαν,
1408 497 1524 551 ὑμῶν

65 548 234 600 οὐδενός
260 568 322 593 πω
345 553 619 606 θαρροῦντος,
653 550 829 605 ἐμβαλών
848 550 1080 608 τετρακόσια
1101 551 1296 605 ἀνέστησα
1316 551 1416 607 ἄστη
1439 566 1522 594 etc.

63 608 108 646 Si
129 622 205 660 pro
228 605 420 657 τοςαύτας
441 609 484 645 in
507 607 691 647 Luciano
711 622 910 648 numerus
929 624 1166 649 eversarum
1189 609 1372 658 urbium,
1406 610 1523 650 haud

60 664 348 718 poenitendus
369 665 536 717 utique,
559 667 766 718 legeretur
785 668 1014 717 τριακοσίας
1030 669 1099 705 vel
1117 669 1389 721 τετρακοσίας,
1419 683 1521 707 neu-

60 721 220 773 tiquam
260 720 555 773 adspernarer:
600 723 868 770 πεντακοσίας
905 721 1041 770 πόλεις
1062 719 1276 775 ’Ῥωμαίων
1311 729 1523 776 πορθῆσαι

59 773 361 824 HanniBalem,
393 775 585 815 adfirmat
602 777 710 817 Dion
730 776 860 832 Chrys.
882 777 956 817 Or.
969 779 1131 818 LXIV.
1154 783 1305 832 p-599.
1337 781 1522 819 HEMST.

58 831 160 872 Non
185 835 368 885 placeret
398 831 600 871 definitus
622 847 834 873 numerus,
888 839 1079 884 Τοςοῦτοι
1098 850 1183 875 non
1204 838 1340 874 solum
1361 847 1519 883 notam,

59 886 134 928 sed
157 889 285 927 etiam
305 886 520 943 fflgnam,
553 889 875 929 multitudinem
898 889 1093 940 denotat,
1129 905 1252 944 quam
1275 892 1369 945 quis
1397 892 1522 946 quasi

59 943 391 984 admirabundus
422 954 463 984 et
498 960 592 984 cum
634 946 945 987 exclamatione
980 947 1160 1001 quadam
1189 946 1379 989 indicare
1413 952 1520 987 vult.

57 1000 262 1040 Similiter
281 1001 394 1040 infra
417 1001 538 1042 Dial.
562 1001 698 1047 XIII,
731 1007 772 1046 2.
799 1003 1061 1056 Menippus:
1107 1002 1209 1046 Εἶτα
1230 1007 1275 1046 αἱ
1290 1007 1411 1057 χιλίαι
1430 1010 1525 1058 νῆες

59 1056 127 1098 διὰ
148 1062 264 1099 τοῦτο
288 1056 582 1111 ἐπληρώθησαν
604 1059 642 1107 ἐξ
664 1055 824 1112 ἇπάσης
845 1064 916 1112 τῆς
935 1057 1149 1111 Ἑλλάδος,
1181 1062 1249 1102 καὶ
1279 1066 1526 1109 τοςοῦτοι

58 1114 203 1155 ἔπεσον
221 1111 422 1166 “EM-vvis
438 1131 478 1157 τε
497 1115 566 1156 καὶ
584 1113 794 1169 βάρβαροι,
827 1117 895 1157 καὶ
924 1122 1166 1165 τοςαῦται
1195 1116 1330 1165 πόλεις
1355 1115 1526 1159 ἀνάστα·

55 1186 118 1212 τοι
129 1166 364 1224 γεγόνασινς
395 1180 438 1209 et
458 1170 576 1210 Dial.
601 1170 723 1222 XIX,
739 1177 775 1214 1.
789 1171 901 1221 ἄξιος
919 1171 1124 1228 ἄγχεσθαι,
1145 1191 1165 1214 τ
1179 1191 1199 1215 ο
1212 1191 1231 1222 ς
1246 1191 1266 1216 ο
1278 1173 1299 1214 ύ
1313 1191 1332 1214 τ
1345 1191 1365 1215 ο
1382 1192 1394 1214 ι,
1409 1192 1429 1222 ς
1447 1181 1523 1215 θα-

56 1226 183 1268 νάτου
203 1223 313 1276 ἄξιος
331 1227 607 1281 γεγενημένος.
655 1228 742 1267 Sub
763 1228 959 1268 montibus
978 1239 1117 1269 autem
1138 1230 1225 1268 illis
1247 1234 1400 1283 magnis
1418 1230 1524 1286 Sey-

59 1281 199 1321 holclus
228 1291 269 1321 et
291 1282 495 1333 Brome-rus
522 1283 640 1337 gravi
674 1298 721 1322 ac
752 1287 878 1338 plane
906 1286 1015 1324 miro
1047 1300 1187 1326 errore
1217 1287 1524 1326 intellexerunt

56 1337 300 1393 Pyrenaeos,
333 1353 462 1393 quum
487 1339 536 1378 de
558 1338 735 1392 Alpibus
753 1355 817 1379 res
841 1341 897 1379 sit
916 1342 1163 1392 notissima,
1196 1352 1238 1382 et
1261 1341 1353 1395 ipse
1373 1357 1524 1381 narra-

59 1395 194 1448 tionis
221 1394 326 1434 ordo
353 1395 666 1450 geographicus
699 1405 741 1435 et
763 1395 996 1436 historicus
1023 1411 1074 1437 eo
1098 1396 1240 1436 ducat.
1298 1399 1524 1438 Memora-

56 1459 128 1489 tur
165 1451 347 1503 primum
378 1452 617 1504 Hispania,
666 1452 869 1506 deinceps
909 1454 1073 1503 Gallia,
1120 1464 1174 1493 et,
1196 1468 1312 1493 nunc
1344 1454 1522 1511 ¹demum

56 1515 345 1547 transscensus
362 1521 612 1562 magnorum
631 1508 861 1560 montium,
883 1518 927 1549 et.
944 1509 1142 1565 regiones
1163 1509 1322 1550 Padum
1345 1511 1523 1551 circum·

55 1564 207 1619 jectam,
255 1563 414 1603 LEHM.
1369 1586 1371 1588 ·

168 1618 273 1659 Ead.
292 1622 320 1660 l,
345 1623 385 1664 5.
414 1617 628 1671 (ἅπαντα)
658 1620 818 1661 Omnes
849 1621 950 1661 libri
976 1621 1163 1673 habent,
1206 1632 1389 1677 excepto
1425 1623 1525 1664 We-

57 1673 235 1715 cheliano
266 1686 309 1715 et
333 1676 555 1716 Hemsterlz.
586 1675 788 1726 ἅπαντας·
820 1677 972 1717 horum
1000 1688 1182 1732 uterque
1213 1677 1372 1721 ἅπαντα
1401 1694 1523 1732 repo-

58 1730 172 1775 suit,
218 1731 285 1769 uti
314 1741 358 1770 et
387 1746 468 1785 ego
512 1736 799 1786 conjeceram:
852 1747 978 1787 quam
1013 1734 1353 1774 emendationem
1393 1736 1521 1775 etiam

59 1785 224 1826 Vorstio
254 1788 466 1839 placuisse
500 1787 642 1830 video.
716 1789 867 1829 Potest
896 1798 1036 1829 tamen
1076 1790 1221 1845 aliquo
1249 1790 1378 1830 modo
1412 1801 1524 1830 stare

57 1845 257 1895 vulgata,
291 1843 328 1881 si
355 1858 442 1883 uno
466 1843 605 1883 halitu
631 1848 773 1899 legaS,
806 1844 854 1886 τά
886 1843 1037 1900 μεγάλα
1065 1843 1139 1899 ὅρη
1162 1843 1346 1901 ὖπερβᾶς
1366 1844 1414 1888 τὰ
1433 1848 1525 1903 περὶ

54 1897 127 1940 τὸν
151 1895 386 1951 Ἠριδανόν.
446 1899 529 1939 Sed
554 1899 732 1956 indigna
759 1901 863 1940 haec
885 1911 985 1940 sunt
1006 1901 1204 1943 Luciano.
1235 1904 1408 1942 SOLAN.

169 1955 273 1994 Ead.
286 1959 317 1997 1.
347 1960 386 1999 9.
418 1959 670 2006 Δακτυλίους
691 1954 825 1998 αὐτῶν
844 1959 1089 2011 μεδίμνοις)
1118 1959 1275 1999 Variae
1295 1958 1347 1998 de
1369 1959 1524 1999 horum

57 2013 314 2050 annulorum
337 2027 531 2051 mensura
551 2014 798 2054 sententiae.
860 2013 1139 2067 Quorundam
1171 2015 1405 2054 sententias
1427 2030 1524 2068 pro—

56 2067 141 2106 fert
163 2067 255 2108 Liv.
278 2067 355 2108 lib.
381 2074 450 2113 23..
480 2068 657 2122 eoeplesse
673 2080 748 2108 ires
770 2069 925 2109 modios
942 2087 1056 2123 super
1080 2070 1300 2113 dimidium.
1360 2071 1441 2110 Sed
1463 2073 1524 2111 fa·

57 2137 166 2162 mam
197 2124 403 2163 veriorem
440 2133 588 2177 putat,
634 2139 743 2179 quae
779 2125 912 2164 tradit
943 2139 1032 2164 non
1068 2127 1202 2166 fuisse
1234 2130 1331 2178 plus
1362 2126 1523 2167 modio.

56 2178 199 2217 Aliter
233 2179 342 2220 Flor.
371 2180 495 2219 aliter
522 2180 630 2222 Plin.
663 2196 742 2234 pro
774 2195 860 2235 quo
892 2189 1007 2220 stant
1037 2183 1084 2222 V
1080 2182 1175 2223 aler.
1208 2183 1370 2238 Eutrop.
1398 2183 1522 2227 Oros.

56 2234 220 2285 Multi,
263 2249 318 2275 ne
348 2235 466 2275 litem
496 2236 607 2274 hanc
640 2250 758 2275 suam
790 2238 1005 2287 facerent,
1044 2238 1216 2277 modum
1250 2238 1524 2279 indefinitum

58 2299 318 2345 posuerunt:
351 2293 489 2331 utDio
503 2292 617 2331 Prus.
633 2291 782 2333 Ter-tul.
806 2294 931 2345 Apol.
953 2302 996 2331 et
1016 2293 1089 2332 hic
1111 2295 1283 2334 Lucian.
1319 2295 1523 2334 Omnium

57 2347 168 2385 ratio
198 2346 310 2386 Livii
338 2347 527 2400 optima,
567 2348 642 2400 qui
680 2347 870 2387 modium
901 2358 1040 2401 putat.
1099 2350 1245 2389 Ferrei
1274 2350 1348 2389 isti
1376 2352 1522 2400 fuere,

57 2416 149 2442 non
168 2403 308 2452 aurei,
339 2412 387 2440 ut
406 2403 547 2442 voluit
570 2403 705 2442 Valer.
728 2405 888 2458 quique
904 2419 998 2444 eum
1020 2406 1169 2445 secuti.
1201 2406 1380 2447 Bovnn.
1439 2407 1527 2446 Ad-

62 2457 370 2502 commodatius
405 2458 500 2508 hic,
552 2472 676 2512 quam
703 2461 924 2512 superiore
952 2463 1051 2501 loco
1087 2461 1283 2512 urbium,
1323 2476 1523 2503 numerus

57 2514 369 2554 medimnorum
391 2514 590 2554 definitus
623 2516 851 2556 omittitur.
923 2516 1058 2556 Verae
1088 2532 1311 2558 mensurae
1335 2518 1525 2559 detraxit
1579 2550 1582 2553 .

61 2570 373 2623 aliquantulum
399 2570 538 2611 Florus
559 2570 618 2610 ΙΙ.
641 2585 675 2609 c.
697 2577 735 2615 6,
767 2572 954 2611 referens
977 2573 1132 2612 modios
1164 2573 1262 2613 duos
1288 2574 1524 2614 annulorum

64 2623 336 2678 Carthaginem
359 2643 439 2666 esse
456 2629 618 2678 missos‚-
649 2627 877 2681 additque,
912 2642 965 2667 ne
983 2628 1147 2668 Florum
1168 2644 1255 2667 non
1293 2644 1523 2685 agnoscas,

67 2680 296 2732 dignitatem
329 2694 533 2736 equestrem
566 2693 751 2722 taxatam
784 2700 974 2723 mensura.
1035 2685 1142 2724 Cum
1170 2685 1305 2727 Plinio
1331 2687 1525 2739 plerique

67 2735 302 2777 annulorum
322 2739 509 2780 trimodia
529 2749 775 2781 memorant.
815 2741 966 2780 Inuum
991 2754 1014 2780 a
1040 2741 1188 2782 Nostro
1210 2741 1344 2782 distat
1373 2744 1414 2782 T
1409 2743 1524 2780 ertul-
