1741 3132
427 201 840 234 1N121Acooos
879 202 1145 234 DEORUM.
1415 194 1512 241 379

53 305 174 359 χαριῇ
204 300 517 355 praeferendam
543 309 758 353 putantem
775 334 786 350 ‚
821 314 902 354 qua
927 302 1060 340 forma
1084 311 1126 341 et
1145 302 1247 342 alibi
1267 303 1409 344 Nosse}-
1429 305 1513 343 uti-

56 370 147 409 tur,
181 368 226 396 ut
251 357 319 411 Qu
359 357 472 396 Hist.
500 357 674 395 Conscr.
697 371 729 398 c,
755 363 818 400 12·
841 359 950 396 Tox.
978 372 1013 398 c.
1042 359 1292 401 29.Pha1ar.
1316 361 1351 399 I,
1376 367 1511 411 c.11.‚

55 417 142 454 nisi
165 414 318 467 optimi
339 413 438 452 libri
460 413 499 452 h.
519 415 547 450 l.
574 414 832 451 contrarium
853 416 1095 457 clamarent.
1153 415 1219 455 Ob
1245 417 1416 455 candem
1444 432 1513 457 ve-

53 486 102 510 ro
139 484 327 509 caussam
369 484 464 507 cum
509 467 653 509 eodem
698 468 880 522 Poppone
922 470 1062 518 facio,
1116 473 1190 525 qui
1229 475 1514 525 conjecturam

54 527 340 566 Ilcmsterlzusii
360 531 533 574 Πειθοῖ,
567 538 795 578 quamqum
824 524 937 563 haud
958 540 1057 564 sane
1093 527 1332 579 infelicem,
1372 544 1515 583 repro·

54 583 138 626 bat.
181 582 422 622 'Notiorem
445 582 557 620 enim
591 595 664 633 par
686 590 751 619 est
779 595 802 619 a
829 581 1014 621 Lucicmo
1033 594 1400 623 commemoratum
1423 600 1516 626 esse

53 639 185 678 Panis
206 652 402 687 amorem,
423 652 508 676 non
533 637 815 691 ignotiorern3
848 647 888 676 et
910 638 1155 678 credibilius
1180 640 1298 689 adeo,
1333 656 1354 680 e
1380 646 1516 692 Πίτυϊ,

52 710 176 749 qnam
217 708 240 734 e
285 699 461 746 Πειθοῖ,
512 702 645 733 ortam
685 707 772 732 esse
804 707 1041 746 perversam
1073 698 1327 750 scripturam
1360 703 1514 741 Πυθοῖ.

51 752 212 791 LEnM.

166 806 270 846 Ibicl.
304 806 457 859 Πίτυϊ)
491 806 603 849 Ξιιίἅ,
631 808 676 844 in
698 806 848 860 Pitys:
879 807 1014 848 Nonn.
1037 809 1202 864 Dionys.
1239 810 1312 851 lib.
1327 810 1383 851 Π.
1412 811 1519 850 Pro-

49 875 146 917 pert.
171 863 245 904 lib.
269 862 303 901 Ι.
364 863 481 902 Male
501 863 546 900 in
579 862 833 916 quibusdam
867 869 1013 905 Πυτοῖ.
1075 866 1126 903 In
1159 867 1329 920 Anglic.
1362 872 1516 910 Πυθοῖ.

51 921 231 961 Βουιω.
292 920 423 971 Pityn
443 922 564 972 ajunt
586 922 769 972 puellam
793 920 927 959 fuisse
944 950 954 969 ‚
988 936 1010 959 a
1034 922 1150 961 Pane
1173 922 1297 960 simul
1318 932 1359 962 et
1380 925 1517 963 Borea

52 975 308 1027 adamatam,
341 989 448 1029 quae
477 975 680 1028 quoniam
701 976 810 1014 Pani
833 977 964 1030 magis
991 977 1184 1026 favebat,
1219 993 1240 1015 a.
1264 979 1398 1018 Borea
1424 980 1520 1018 illi-

51 1046 95 1071 sa
117 1032 163 1070 in
186 1034 408 1084 scopulum
431 1041 607 1071 mortem
630 1032 799 1071 obibat:
833 1042 874 1070 at
894 1046 946 1071 ne
967 1043 1057 1071 tota
1076 1035 1260 1086 periret,
1294 1036 1438 1074 Tellus
1460 1051 1517 1076 ex

54 1102 105 1128 eo
127 1121 138 1139 ‚
181 1088 296 1141 quod
331 1088 537 1141 reliquum
567 1097 677 1136 erat,
720 1087 910 1126 arborem
940 1088 1171 1141 produxit,
1214 1105 1338 1143 quain
1367 1091 1518 1131 Latini

53 1144 270 1199 adpellant
296 1146 456 1197 pinum,
488 1146 608 1197 cujus
631 1158 767 1182 ramos
800 1155 1029 1182 coronatus
1063 1155 1275 1198 pastorum
1302 1148 1424 1186 Dens
1450 1163 1520 1203 ge-

51 1211 162 1239 stare
203 1209 324 1238 amat.
367 1199 516 1239 me.
588 1203 734 1241 Πυθοῖ
758 1200 887 1253 Angl.
927 1202 974 1242 P.
1005 1202 1062 1242 L.
1095 1212 1137 1241 et
1166 1201 1229 1244 ed.
1265 1203 1302 1242 J.
1339 1204 1520 1259 Reliqui

53 1258 191 1296 Πίτυϊ.
225 1256 393 1294 SOLAN,

37 1317 64 1325 “
166 1315 262 1364 Pag.
287 1316 352 1355 83.
377 1314 403 1352 l.
426 1316 489 1355 16.
530 1313 577 1353 Τί
597 1310 648 1354 ἄν
668 1313 847 1366 λέγοιμεν
869 1309 967 1366 ὀμ.)
998 1313 1100 1352 Νοη
1125 1314 1343 1366 aptissime
1365 1315 1520 1357 cohae-

49 1377 171 1419 rent3
204 1367 483 1407 distinctione
515 1368 745 1421 separanda
776 1383 954 1419 censeo,
987 1372 1024 1411 τί
1053 1366 1104 1411 ἂν
1131 1372 1336 1425 λέγοιμενς
1369 1368 1519 1427 ὁμομη-

49 1427 189 1478 τρίους
219 1421 419 1476 ἀδελφοὺς
443 1422 559 1465 εἶναι.
632 1424 810 1477 Alioqui
840 1438 926 1462 non
958 1425 1136 1465 absurde
1169 1427 1299 1465 scribi
1330 1437 1518 1480 poterat,

58 1483 127 1528 Τίς
149 1478 198 1520 ἂν
230 1480 336 1534 λέγοι
364 1476 477 1533 ὅμομ.
509 1489 590 1520 etc.
648 1481 719 1518 De
754 1479 820 1518 his
852 1480 1056 1520 fratribus
1086 1481 1385 1522 dissimillimis
1418 1485 1520 1525 vide

50 1535 101 1576 P.
133 1536 354 1575 Burmann.
387 1535 439 1573 ad
474 1534 590 1575 Ovid.
613 1536 790 1577 Metam.
824 1536 901 1585 IV,
927 1542 1024 1581 288.
1054 1537 1127 1575 ubi
1157 1538 1334 1579 Luciam·
1367 1542 1521 1581 memi-

51 1593 138 1631 nit:
172 1591 222 1631 de
242 1591 607 1643 Hermaphrodito
631 1591 799 1631 Diodor.
836 1592 919 1632 Sic.
944 1594 1019 1634 IV.
1050 1608 1090 1647 p,
1119 1598 1213 1639 150.
1242 1597 1292 1636 B.
1332 1597 1516 1638 Hrzmsr.

51 1648 103 1687 In
130 1658 251 1687 textu
275 1648 369 1700 ipso
392 1657 501 1685 erat:
540 1650 583 1688 Τί
605 1647 680 1699 ἅν;
711 1649 888 1702 λέγοιμεν
909 1646 971 1703 ὄμ.
1002 1649 1119 1689 haud
1144 1650 1273 1690 dubie
1295 1667 1519 1705 operarum

53 1707 201 1757 culpa,
233 1706 353 1756 cujus
373 1717 458 1742 non
481 1701 691 1742 debebant
709 1704 942 1756 Bipontini
962 1705 1194 1759 participes
1215 1707 1321 1748 fieri.
1353 1708 1515 1751 Lmnvr,

164 1761 264 1814 Pag.
286 1763 354 1803 84.
386 1762 415 1798 l.
438 1765 476 1801 2.
523 1760 635 1812 Πέρα
660 1763 731 1800 τοῦ
767 1756 1024 1813 εὐπρεποῦς)
1068 1761 1150 1804 Διὰ
1179 1761 1223 1804 τὸ
1249 1760 1519 1819 ὖπερμὲγεθες

51 1820 127 1859 τοῦ
144 1818 313 1858 αἰδοίου.
372 1814 483 1852 Dixi
506 1815 633 1854 alibi:
666 1827 822 1854 vocant
837 1814 1115 1867 ἀκροπὸσθια·
1149 1817 1201 1858 de
1222 1833 1301 1873 qua
1324 1819 1517 1862 dictione

53 1872 171 1912 alibi.
201 1873 380 1911 Eoum).
441 1871 511 1909 De
535 1871 636 1911 Salt.
657 1885 690 1913 c.
714 1877 783 1915 21.
806 1871 918 1912 idem
940 1873 1120 1928 Priapus
1142 1875 1245 1930 πέρα
1262 1881 1338 1918 τοῦ
1356 1879 1516 1934 μετρίου

55 1926 259 1984 ἆνδρικός.
291 1929 448 1967 LLHM.

165 1985 269 2025 Eacl.
289 1987 319 2023 l.
344 1989 407 2027 14.
430 1981 519 2024 ''Hv
536 2000 595 2032 τις
614 1981 795 2037 ”Ἐλλην)
826 1985 990 2026 Orestis
1012 1985 1202 2026 fabulam
1229 1988 1389 2043 tangit,
1421 2003 1517 2029 cum

54 2055 140 2098 quo
162 2041 349 2095 aufugit.
388 2039 480 2081 Eur.
512 2040 682 2080 SOLAN.

165 2097 262 2150 Pag.
286 2102 351 2141 85.
370 2098 398 2134 l·
421 2101 458 2139 4.
486 2093 882 2153 ‘Tnosssssffiyitf'vod
912 2099 981 2138 Sic
1013 2098 1059 2137 in
1092 2099 1201 2140 Gall.
1234 2103 1404 2152 βαθείας
1434 2098 1517 2154 ’ἤδη

54 2154 224 2207 ἑσπέρας
253 2151 613 2207 ὑποβεβρεγμένος.
664 2154 826 2194 Ηεῖίοᾶ.
870 2154 945 2195 lib.
987 2160 1025 2197 1.
1055 2165 1098 2194 et
1129 2161 1168 2199 2.
1211 2155 1428 2198 Οαεααόοη.
1461 2157 1515 2196 ad

55 2210 204 2252 Athen.
223 2208 394 2249 Herald.
418 2208 468 2246 ad
499 2208 627 2250 Mart.
659 2210 838 2248 Eoum).
898 2211 1019 2249 Inter
1047 2222 1254 2265 cognatae
1291 2213 1517 2267 significa—

55 2266 191 2306 tionis
230 2265 358 2304 verba
395 2265 532 2318 primo
562 2267 659 2304 loco
689 2266 814 2319 ponit
842 2265 947 2306 Poll.
979 2265 1057 2316 VI,
1086 2270 1157 2322 257
1193 2264 1514 2323 ὗποβεβρέχθαι,

57 2323 441 2376 διαθερμαίνεσθαι,
472 2325 677 2363 σεσεῖσθαι
709 2322 836 2377 μέθῃ,
869 2319 1049 2376 μεθύειν.
1080 2324 1211 2377 Long.
1244 2325 1305 2365 II.
1324 2339 1419 2379 pag.
1444 2332 1513 2371 60,

55 2379 239 2434 γέροντες
258 2374 603 2432 ὗποβεβρεγμὲνοι·
634 2377 694 2415 ibi
715 2381 837 2430 plura
850 2379 1127 2431 Jungermann.
1147 2394 1189 2432 p.
1203 2385 1298 2426 213.
1327 2381 1514 2434 Luciani,

57 2435 103 2472 in
127 2448 214 2488 quo
239 2433 406 2486 saepius
430 2434 639 2481 occurrit,
671 2433 777 2473 bene
797 2449 979 2475 memor:
1011 2434 1185 2474 Mollius
1211 2436 1513 2490 inverecunde,

59 2503 183 2543 quem
203 2493 330 2543 plane
352 2488 576 2542 descripsit
594 2490 684 2531 Des.
714 2489 938 2529 Heraldum
978 2490 1031 2529 ad
1060 2491 1249 2533 Martial.
1280 2493 1316 2534 Ῑ.
1344 2494 1431 2547 Ep.
1447 2500 1516 2538 71.

59 2559 138 2584 nec
167 2546 268 2584 satis
296 2545 589 2595 intellectum,
630 2560 683 2585 ne
715 2546 935 2585 nominare
966 2545 1136 2600 quidem
1173 2548 1262 2588 fuit
1298 2548 1513 2604 dignatus.

60 2600 281 2642 Heliodoro
303 2603 624 2656 διαβεβρεγμένοι
643 2600 721 2656 ’ἤδη
733 2603 800 2643 καὶ
818 2601 920 2656 πρὸς
931 2600 974 2644 τό
985 2598 1315 2660 ὑβριστικώτερον
1334 2606 1515 2662 παραφε-

61 2654 248 2712 ρόμενοι,
279 2658 356 2710 qui
379 2660 460 2710 jam
498 2658 678 2697 ulterius
713 2659 907 2711 provecti
932 2659 1036 2700 vino
1066 2660 1418 2714 permaduerunt‚
1461 2663 1501 2703 V

64 2727 104 2765 p.
127 2716 222 2757 255.
281 2714 510 2769 Eleganter
533 2714 683 2756 Alexis
703 2713 910 2770 loquendi
942 2714 1114 2756 modum
1142 2730 1366 2773 parumper
1393 2717 1514 2759 insse-
