1741 3085
233 204 332 252 34ss
581 208 1331 243 ‚tonora-tronus

235 314 420 366 Χαρίτων
440 319 566 350 vocat
592 307 756 347 Hes-iod.
780 306 939 360 Theog.
961 320 999 348 v.
1024 308 1118 350 945.
1142 305 1335 345 Thaliam
1358 307 1577 359 nonnulli,
1610 318 1678 353 te-

234 381 295 410 ste
323 367 496 407 Eustaih.
522 364 574 403 ad
603 365 653 403 11.
678 369 728 405 Σ.
757 377 851 417 pag.
878 367 997 406 1148.
1023 363 1218 401 IIomerus
1245 363 1356 401 nihil
1387 364 1525 415 aliud,
1556 379 1674 419 quam

239 425 367 474 Χάριν
385 419 763 476 λιπαροκρήδεμνον,
788 419 934 470 Καλὴν,
961 417 1033 471 τὴν
1051 418 1174 460 ὤπυιε
1190 418 1419 468 περικλυτὸς
1438 416 1681 474 ἀμφιγυήεις

232 484 284 524 Il,
306 482 351 523 Σ,
375 484 469 523 382.
491 477 603 530 quod
617 477 837 515 Pausanias
859 475 1051 513 observat
1070 475 1147 514 IX.
1173 480 1321 526 p.781.
1346 475 1420 513 ubi
1442 474 1492 514 de
1516 476 1678 515 Gratiis

233 537 398 591 egregia
422 536 567 572 multa.
625 531 722 571 Vid.
747 530 903 571 Cornut.
925 530 974 569 de
1005 531 1060 568 N.
1083 532 1140 571 D.
1165 545 1254 583 cap.
1281 535 1347 575 15.
1369 545 1407 582 p.
1434 536 1524 575 163.
1550 546 1582 572 e.
1609 535 1674 574 19.

233 608 281 648 p,
302 588 396 636 183.
453 590 608 629 Verum
626 585 846 633 Vulcano,
877 587 1067 624 Deorum
1090 585 1203 624 haud
1231 601 1329 624 sane
1353 587 1674 634 formosissimo,

234 649 331 703 quis
350 658 434 686 tam.
467 644 635 684 solicite
665 652 933 695 prospectum
965 642 1172 691 voluerit,
1206 643 1436 692 (Lucianus
1459 644 1569 681 enim
1589 656 1677 681 non

234 704 454 759 ingenium
476 701 547 739 hic
577 712 721 748 sunm,
754 699 826 737 sed
857 698 960 736 alios
993 707 1183 737 auctores
1210 697 1376 737 videtur
1396 702 1594 747 secutus)
1618 707 1678 747 ut,

233 761 393 814 partito
416 769 586 796 munere
607 754 837 809 conjugali,
863 753 952 793 sive
971 753 1013 790 in
1041 756 1157 792 coelo
1181 764 1428 802 versaretur,
1462 769 1535 794 seu
1554 754 1678 792 Lem-

233 831 336 855 num
363 815 538 860 viseret,
572 821 740 864 optatos
772 819 909 848 tamen
942 807 1247 861 pulcherrimae
1279 810 1475 863 conjugis
1509 810 1680 847 infusus

236 872 395 926 gremio
419 872 632 920 amplexus
665 866 772 905 inire
795 873 960 916 posset,
991 863 1098 901 mihi
1129 879 1216 903 non
1243 866 1462 906 succurrit.
1524 864 1681 905 Chari-

232 937 317 967 tem
339 926 463 964 etiam
489 925 532 961 iu
561 924 734 970 *Lemno
762 933 922 972 ponere
953 919 1120 958 videtur
1142 920 1272 960 Schol.
1301 921 1463 961 Homer.
1486 920 1536 959 ad
1555 921 1605 961 Il.
1625 920 1677 964 ‘E-

231 989 329 1027 230.
353 982 412 1019 ibi
436 978 669 1033 quaesitum
690 986 752 1016 est
775 975 887 1028 apud
907 985 1089 1024 veteres,
1122 986 1171 1014 ut
1197 977 1242 1013 in
1261 977 1478 1016 neetendis
1501 991 1552 1015 ex
1579 975 1678 1015 Ho—

230 1054 334 1078 mero
368 1036 492 1075 nodis
523 1033 705 1072 mirifica
736 1030 912 1084 quadam
941 1041 1039 1068 sunt
1060 1030 1293 1081 industria,
1327 1032 1529 1072 cui-Juno
1553 1032 1679 1070 Som-

230 1109 333 1132 num
365 1100 629 1131 conventura
650 1090 858 1127 Lemnum
889 1102 912 1124 a
942 1087 1136 1138 principe
1167 1091 1387 1138 poetarum
1410 1086 1524 1126 adire
1547 1087 1680 1126 fuerit

229 1154 364 1203 jussa:
398 1148 498 1185 huic
531 1143 786 1184 molliendae
817 1141 1058 1179 difficultati
1092 1142 1203 1181 inter
1238 1143 1318 1180 alia
1347 1145 1468 1194 plura
1501 1153 1542 1181 et
1567 1143 1677 1181 forte

229 1205 440 1243 deteriora
482 1205 564 1241 tale
597 1199 825 1240 remedium
870 1196 1117 1237 adhibetur:
1165 1198 1381 1236 dominum
1409 1212 1495 1237 esse
1530 1199 1680 1237 Lemni

228 1262 491 1306 Vulcanum,
534 1269 708 1295 uxorem
740 1258 829 1307 ejus
863 1253 1098 1304 Charitem3
1145 1257 1263 1305 cujus
1296 1268 1533 1307 germanam
1559 1253 1678 1293 Pasi-

229 1316 389 1364 theam,
424 1328 529 1367 quae
557 1312 715 1350 sororis
747 1312 793 1348 in
825 1308 1106 1348 contubernio
1136 1310 1327 1358 vivebat,
1363 1325 1455 1348 cum
1496 1311 1677 1349 Somnus

228 1368 420 1410 efflictim
449 1377 625 1418 amaret,
666 1366 764 1405 ideo
796 1366 981 1414 scilicet,
1025 1374 1073 1403 ut
1103 1365 1280 1417 propius
1307 1365 1356 1404 ab
1388 1366 1678 1418 optatissimae

228 1426 408 1478 virginis
432 1424 634 1476 adspectu
652 1423 836 1471 abesset,
870 1421 914 1458 in
935 1422 1102 1459 Lemno
1125 1420 1344 1462 desedisse.
1405 1425 1463 1460 At
1484 1422 1680 1461 Homerus

229 1490 270 1520 et
292 1480 529 1524 Chai-item,
562 1489 604 1517 et
623 1479 755 1531 ipsam
776 1477 960 1516 Vulcani
983 1474 1194 1514 officinam
1222 1477 1266 1514 in
1291 1480 1408 1516 coelo
1433 1477 1676 1526 collocavit,

227 1537 372 1575 nescio
399 1550 522 1588 quam
542 1533 819 1586 probantibus
839 1531 962 1570 Diis:
995 1546 1089 1570 nam
1111 1531 1202 1570 fieri
1225 1532 1395 1584 quidem
1421 1533 1494 1571 vix
1513 1533 1677 1585 potuis-

225 1606 271 1631 se
300 1591 466 1637 credas,
510 1590 616 1642 quin
647 1598 790 1628 tantus
821 1589 1171 1627 ferramentorum
1200 1591 1530 1641 malleorumque
1558 1589 1677 1641 inge-

226 1648 483 1686 minatorum
503 1645 708 1698 strepitus
728 1643 976 1682 coelestium
998 1657 1117 1681 aures
1135 1641 1424 1682 vehementem
1440 1644 1482 1681 in
1505 1643 1676 1682 modum
1732 1668 1734 1670 -

227 1702 462 1741 obtuderit:
498 1715 620 1754 quam
653 1700 705 1738 ob
736 1713 822 1738 rem
854 1698 1136 1751 posteriorum
1171 1698 1217 1735 in
1251 1713 1322 1736 eos
1346 1705 1676 1751 poetarummon

226 1761 398 1811 vulgare
420 1766 586 1795 constat
606 1755 876 1799 beneficium,
907 1754 981 1808 qui
1003 1752 1215 1791 destructa
1236 1754 1401 1792 Homeri
1417 1754 1588 1794 taberna
1609 1755 1677 1792 fa-

227 1813 328 1851 brili
353 1812 584 1864 Olympum
605 1811 785 1851 nitidius
809 1810 1125 1862 expoliverunt‚
1152 1808 1489 1862 Vulcanumque,
1514 1810 1551 1849 si
1572 1810 1677 1864 quid

228 1869 368 1921 operis
389 1869 622 1916 moliretur,
654 1868 833 1919 migrare
855 1869 1068 1918 jusserunt
1085 1864 1137 1902 ad
1159 1864 1339 1903 insulam
1362 1866 1546 1918 aliquam
1566 1868 1676 1906 Aeo-

225 1925 323 1963 liam
346 1933 417 1962 aut
433 1924 666 1972 Lemnum,
701 1921 811 1960 datis
843 1922 1016 1973 insuper
1042 1924 1161 1968 (nam
1180 1920 1376 1960 Homerus
1396 1925 1519 1974 plane
1537 1925 1677 1962 solum

227 1979 280 2019 ad
306 1980 521 2018 fornacem
551 1988 675 2032 atque
706 1976 902 2017 incudem
943 1975 1215 2022 destituerat)
1247 1977 1485 2016 aerumnosi
1517 1978 1673 2017 laboris

227 2034 486 2073 administris
505 2033 780 2086 Cyclopibus.
838 2034 904 2071 Ita
928 2030 1161 2071 Callimach.
1187 2032 1242 2069 H.
1265 2032 1309 2069 in
1330 2032 1459 2071 Dian.
1479 2034 1674 2087 Apollon-

225 2090 306 2129 Rlz.
338 2091 438 2143 Arg.
472 2089 555 2130 ΠΙ.
591 2089 733 2141 Vir-gil.
766 2088 870 2130 Aen.
904 2087 1025 2126 VIII.
1090 2086 1218 2139 Apud
1250 2087 1418 2127 eosdem
1445 2103 1545 2128 vero
1577 2104 1674 2128 cum

226 2146 418 2184 Vulcano
439 2146 583 2184 Venus
610 2145 658 2182 in
681 2145 867 2196 Olympo
896 2142 1085 2189 habitan
1118 2157 1254 2196 neque
1278 2157 1423 2195 secus,
1455 2144 1570 2197 quod
1590 2159 1675 2187 ma.-

227 2201 289 2255 gis
311 2201 495 2248 mireris,
526 2201 572 2238 in
593 2200 760 2240 Homeri
788 2198 869 2238 Od.
896 2203 941 2240 Θ.
999 2199 1122 2236 Illam
1148 2198 1317 2252 quidem
1340 2200 1573 2249 Anacreon,
1606 2202 1674 2240 vel

226 2257 333 2299 alius
365 2256 620 2295 RIelicorum
650 2255 829 2309 aliquis,
875 2253 927 2293 ad
952 2253 1157 2292 Lemnios
1202 2255 1387 2307 caminos
1421 2255 1668 2303 devocavit;

227 2310 301 2350 sed
321 2310 487 2351 diverso
508 2311 712 2358 consilio,
744 2320 792 2349 ut
817 2324 984 2363 operam
1005 2309 1206 2347 sociatam
1242 2309 1292 2348 ad
1314 2309 1479 2350 Amoris
1497 2309 1587 2349 'tela
1603 2311 1672 2348 fa-
1730 2340 1741 2344 -

227 2365 425 2405 bricanda
456 2369 678 2408 conferret.
737 2367 849 2405 Mox
878 2364 1076 2417 displicet
1108 2362 1253 2405 αὐτόν·
1282 2368 1445 2404 mallem
1467 2367 1535 2407 καὶ
1556 2380 1670 2419 στρα-

224 2420 366 2472 τιώτην
395 2421 466 2461 ἄν·
499 2424 580 2461 etsi
612 2437 699 2462 non
730 2436 795 2460 me
824 2422 965 2474 fugiat
995 2434 1095 2458 usus
1125 2419 1278 2473 aliquis
1311 2425 1385 2461 τοῦ
1416 2418 1534 2469 αὐτὸς
1553 2421 1669 2461 haud

223 2476 347 2514 valde
359 2476 514 2528 dispar,
530 2478 579 2516 de
594 2492 676 2531 quo
692 2476 953 2516 alibidicam.
986 2476 1161 2515 HssmsT.
1216 2475 1287 2512 Ex
1299 2474 1364 2513 his
1375 2479 1517 2515 saltem
1531 2477 1672 2516 fateor

222 2545 397 2570 menon
417 2533 519 2570 satis
555 2533 793 2586 intelligere
821 2531 1102 2571 Hemsterkusii
1129 2540 1321 2568 mentem.
1381 2532 1531 2585 Neque
1553 2533 1668 2572 enim

222 2588 514 2626 necessitatem
550 2588 789 2641 corrigendi
816 2587 968 2636 video,
1015 2599 1173 2636 neque,
1224 2585 1327 2638 quid
1347 2584 1400 2628 ἂν
1431 2588 1513 2626 sibi
1543 2589 1663 2629 velit.

221 2641 312 2680 Imo
348 2643 384 2679 si
416 2638 535 2684 αὐτὸν
566 2643 774 2692 deleatur,
821 2642 941 2690 vide,
987 2655 1042 2680 ne
1071 2640 1294 2692 objectum
1328 2641 1436 2681 desit
1461 2638 1662 2685 membre.

221 2696 481 2738 Sententiam
506 2699 668 2740 scilicet
694 2701 819 2743 talem
850 2697 958 2738 mihi
1001 2696 1171 2752 cogito:
1206 2696 1298 2745 ,Scit
1330 2698 1562 2741 Vulcanus:
1590 2698 1658 2739 sed
