1741 3132
356 231 783 264 xnnmnocos
820 235 1220 276 MoR'rUORUM.
1418 237 1518 286 595

61 326 332 369 Idomeneum:
362 324 709 383 ἀντιπαρετάττετο
737 332 780 373 δὲ
806 338 905 375 πᾶσι
933 333 1091 386 τούτοις
1124 344 1419 401 (στραγγουρίᾳ
1450 352 1517 392 καὶ

61 387 352 439 δυςεντερικοῖς
374 384 550 436 πάθεσι)
579 384 622 429 τὸ
644 385 745 429 nato}
770 389 909 443 ’ψυχὴν
926 400 1064 447 χαῖρον
1087 397 1148 437 ἐπὶ
1175 403 1231 454 τῷ
1256 405 1335 442 τοῖν
1354 405 1515 457 γεγονό-

56 457 137 482 των
167 437 264 493 ἦμῖν
293 445 559 496 διαλογισμῶν
594 442 739 501 μνήμῃ.
807 447 958 487 Psellus
1002 449 1051 490 dc
1085 452 1237 505 Lapid,
1268 456 1380 497 inter
1408 462 1512 502 alias

58 496 244 550 Jaspidis
282 500 400 538 dotes
429 499 539 537 hanc
572 514 740 553 quoque
780 506 977 555 reponit:
1023 513 1219 560 λοιμικοῖς
1249 511 1515 560 εἷντιτέττηαι

57 551 211 596 πάθεσι
235 556 303 596 καὶ
331 557 613 607 ἐπιληπτικοῖς.
671 557 876 612 Denique
907 562 1149 614 aptissimus
1184 579 1246 605 est
1278 570 1513 614 insAclziZZe

61 610 180 649 Tatio
211 612 329 649 locus
351 611 424 652 lib.
446 613 503 650 Π.
532 626 572 664 p.
594 615 661 656 35.
683 627 805 667 quem
840 616 1113 670 adscripsisse
1143 636 1294 675 operae
1316 630 1397 666 erit
1420 645 1513 681 pre..

55 665 185 705 tium:
218 666 401 709 κάτωθεν
414 665 453 709 δ’
475 665 598 720 ὥςπερ
614 670 658 710 ἐκ
675 674 747 723 τῆς
763 675 926 725 καρδίας
944 670 966 715 ὁ
983 676 1080 728 ἔρως
1093 675 1395 735 α’ντεφνίιέγγετο.
1428 689 1512 738 ναὶ,

51 722 244 776 τολμηρὲ,
273 721 362 764 κατ’
380 725 477 777 ἐμοῦ
497 723 685 778 στρατεύῃ
703 728 770 768 καὶ
790 723 1128 790 ἆντιπαρατάττῃ,·
1161 750 1267 788 quae
1288 739 1394 778 belle
1416 757 1511 782 cum

49 777 234 818 Luciano
265 790 534 833 congruunt:
578 796 714 834 neque
743 798 843 823 vero
871 800 986 826 sacer
1013 791 1197 842 scriptor
1227 792 1354 846 hujus
1387 813 1510 838 usum

49 834 251 873 vocabuli
283 836 445 891 refugit
470 836 528 875 ad
553 835 725 880 Roman.
757 839 883 881 XIII.
916 857 956 886 ν.
983 850 1022 887 2.
1052 842 1073 887 ὅ
1105 842 1432 904 ἀντιταττόμενος
1461 860 1513 908 τῆ

49 890 232 945 ἐξουσίᾳ·
275 901 318 930 et
344 906 516 945 prorsus
544 894 699 934 eximie
731 910 822 949 cap,
851 897 946 940 VII.
974 914 1013 941 v.
1035 907 1103 947 23.
1132 907 1270 947 Βλέπω
1303 907 1345 948 δὲ
1375 899 1511 964 ἕτερον

47 944 175 998 νόμον
206 947 248 988 ἐν
276 953 361 996 τοῖς
391 950 521 1002 μέλεσί
552 967 630 1001 μου
664 948 1067 1009 ἀντιστρατευόμενον
1097 965 1155 1016 τῷ
1179 962 1292 1014 νόμῳ
1318 970 1394 1006 τοῦ
1410 967 1510 1016 νοός

45 1016 146 1054 μου·
187 1017 312 1056 quam
349 1018 474 1058 saepe
504 1006 766 1047 locutionem
804 1013 1004 1050 aemulati
1038 1026 1138 1054 sunt
1174 1018 1333 1059 Patres.
1393 1024 1508 1063 Mox

44 1057 318 1112 ἐκλαθόμενος
345 1064 416 1113 τῆς
444 1061 644 1116 νεογάμου
665 1065 875 1118 γυναικὸς,
909 1082 1000 1107 cum
1022 1070 1199 1112 Horatio
1223 1074 1362 1126 dicam,
1396 1089 1508 1118 iene—

43 1129 112 1153 νας
130 1118 307 1169 conjugis
330 1118 541 1158 immemor.
584 1119 765 1159 HEMs‘r.
790 1123 822 1163 I.
884 1124 953 1162 De
977 1125 1138 1180 insigni
1165 1131 1335 1170 Amoris
1361 1134 1425 1180 vi,
1460 1136 1506 1175 in

45 1171 197 1209 animis
228 1174 318 1211 sive
348 1172 590 1222 hominum,
625 1176 714 1215 sive
743 1178 869 1217 ctiam
898 1181 1114 1232 Deorum,
1147 1199 1236 1226 sese
1269 1201 1505 1238 exserente,

43 1236 210 1279 praeter
230 1242 290 1275 ea,
305 1243 411 1281 quae
432 1229 638 1269 Lucianus
656 1233 809 1283 passim
825 1249 872 1273 ac
894 1237 1023 1274 variis
1043 1240 1194 1291 modis,
1211 1252 1258 1280 ut
1279 1244 1322 1281 in
1338 1246 1505 1288 Amorr.

45 1283 91 1320 in
117 1283 248 1322 Dian.
270 1285 405 1323 Deor.
429 1296 475 1323 ut
496 1287 554 1327 II.
579 1287 650 1325 VT.
675 1287 753 1327 XI.
788 1290 885 1332 XII.
911 1292 1028 1331 XIX.
1057 1294 1152 1334 XX.
1175 1301 1398 1350 exposuit,
1445 1304 1500 1342 cf.

42 1339 169 1377 etiam
189 1339 519 1393 pulcherrimum
548 1343 666 1381 iilum
688 1345 963 1399 Xenophontis
981 1351 1122 1389 locum
1148 1353 1345 1406 SympOS.
1368 1358 1403 1406 I,
1434 1363 1500 1401 10.

40 1393 188 1448 ibique
210 1395 337 1436 ΒαοῘι.
363 1407 404 1436 et
429 1397 607 1438 Perizon.
631 1400 682 1438 ad
703 1402 865 1442 AeZiccn.
894 1404 943 1444 V.
970 1405 1024 1444 H.
1049 1406 1158 1457 ΧΠ,
1183 1416 1247 1452 64.
1281 1412 1440 1452 LEHM.

150 1451 249 1505 Pag.
272 1458 368 1497 213.
390 1455 416 1494 l.
435 1458 473 1496 2.
502 1450 855 1507 Ἐπικεκλῶσθαι)
888 1460 1018 1499 Ridet
1054 1463 1222 1503 Homeri
1241 1467 1386 1506 fatalia
1409 1480 1502 1509 sta-

36 1507 174 1557 mina,
222 1508 479 1561 eodemque,
524 1525 608 1563 quo
641 1512 713 1550 ille
743 1517 852 1553 solet
885 1514 963 1553 hac
993 1516 1037 1553 in
1071 1533 1132 1567 re,
1185 1521 1314 1560 verbo
1346 1526 1498 1566 utitur.

34 1563 177 1601 Multa
198 1574 365 1616 praeter
385 1565 511 1604 istum
531 1567 706 1607 Luciani
723 1571 866 1609 locum
886 1574 1104 1627 congessit
1127 1574 1308 1620 Gazaker.
1333 1580 1383 1617 ad
1396 1582 1501 1621 An·-

34 1621 157 1660 tonin.
184 1620 259 1660 IV.
281 1620 318 1674 ᾗ.
338 1626 407 1664 26.
455 1623 636 1666 HEMST,

143 1675 247 1715 Ead.
282 1680 307 1715 Ι.
332 1681 371 1719 9.
415 1683 753 1722 ΜΕΝΙΠΠΟΤ
789 1686 898 1723 ΚΑΙ
931 1684 1177 1740 AIAKOY)
1221 1690 1270 1727 In
1303 1691 1497 1734 editione

32 1728 268 1770 Basileensi
311 1732 528 1771 adduntur
577 1740 933 1780 ΠΤΘΑΓΟΡΟΤ
969 1746 1078 1782 KAI
1120 1747 1493 1801 ΣΩΚΡΑΤΟΥΣ,

33 1801 139 1840 quae
162 1787 195 1824 si
217 1797 317 1826 sunt
340 1802 392 1826 ex
413 1790 519 1828 Mss.
543 1790 661 1840 libris
681 1794 864 1844 prodita,
898 1810 984 1835 non
1007 1795 1213 1838 debebant
1239 1801 1290 1839 ab
1313 1804 1408 1842 aliis
1428 1806 1496 1844 in-

35 1842 148 1892 duci,
180 1843 280 1883 licet
302 1858 388 1883 non
413 1845 553 1884 minor
570 1847 631 1885 sic
655 1847 802 1888 haberi
825 1850 1023 1891 debuisse
1039 1853 1237 1894 videatur
1262 1858 1375 1897 ratio(
1396 1862 1493 1899 Em-

34 1897 239 1951 pedoclis.
281 1900 423 1939 GRON.
484 1901 741 1943 Prudentius
774 1906 816 1943 in
841 1907 932 1945 cod.
959 1913 1082 1952 2956.
1106 1909 1300 1964 additur,
1333 1917 1400 1956 καὶ
1425 1927 1493 1968 φί-

16 1952 220 2008 ’λοσόφων
239 1961 372 2006 τινῶν,
408 1958 523 2010 quod
540 1958 810 2001 Schmiederus
832 1974 873 2001 et
890 1964 1092 2004 Matthiae
1111 1981 1375 2022 receperunt.
1412 1972 1493 2013 Ve-

31 2025 123 2049 rum
151 2020 193 2051 et
220 2011 304 2052 hoc
335 2012 668 2055 additamentum
709 2032 795 2056 non
828 2018 978 2058 dubito
1010 2021 1114 2073 quin
1148 2023 1312 2064 alienae
1341 2042 1490 2067 manus

31 2066 183 2115 fuerit,
217 2069 463 2121 praesertim
501 2071 536 2108 si
567 2074 781 2112 conferam
811 2077 1057 2116 varietatem
1086 2077 1199 2117 illam
1233 2080 1276 2117 in
1304 2083 1490 2137 Dialogi

31 2123 206 2162 secundi
236 2125 393 2164 titu10:
423 2127 468 2164 in
492 2125 645 2165 decimi
679 2129 963 2183 inscriptione
993 2134 1143 2186 majori
1159 2138 1253 2188 jure
1277 2137 1376 2176 addi
1393 2141 1489 2178 exi-

29 2179 157 2218 stimo
178 2182 246 2221 καὶ
259 2186 410 2235 νεκρῶν
426 2181 648 2236 διαφόρων.
691 2186 846 2225 ΒΕΗΜ.

139 2235 240 2276 Εαά.
265 2239 293 2278 1.
314 2244 382 2283 23.
417 2239 665 2293 Περιήγησαί
690 2244 788 2294 μοι)
820 2242 999 2285 Eustatk.
1021 2245 1066 2283 in
1094 2246 1232 2299 Epist.
1263 2248 1487 2291 commen.

27 2291 147 2329 tariis
171 2292 222 2330 ad
243 2294 472 2349 Dionysium
492 2297 718 2346 praemissa
740 2313 780 2350 p.
810 2306 902 2342 110.
925 2303 1070 2354 Εἰ’ληχε
1089 2302 1130 2343 δὲ
1147 2302 1221 2356 τὴν
1239 2312 1487 2361 περιηγητοῦ

27 2352 168 2400 κλῆσιν
185 2348 294 2403 παρὰ
314 2352 358 2392 τὸ
379 2357 674 2405 περιηγεῖσθαι,
706 2351 802 2408 ὅπερ
823 2355 896 2408 τὴν
921 2356 1019 2399 κατὰ
1037 2356 1178 2400 λεπτὸν
1200 2362 1349 2413 δηλοῦν
1374 2361 1486 2417 ἁφή-’ὲ

27 2417 146 2459 γησιν
165 2402 366 2458 βούλεται·
408 2406 514 2448 καθὸ
535 2410 604 2449 καὶ
634 2414 710 2450 τῶν
725 2407 1054 2465 ”Ρητόρων’τινὲς
1075 2411 1096 2456 ὅ
1117 2415 1188 2468 μὲν
1201 2448 1214 2465 ,
1243 2416 1485 2473 περιήγησαί

30 2476 98 2512 μοι
115 2459 162 2501 τὰ
181 2463 223 2503 ἐν
244 2460 365 2517 ξὲὃου,
399 2465 539 2516 φησὶν,
571 2462 594 2505 ὅ
613 2466 727 2516 ἐστιν,
758 2468 884 2510 ἔνθου
905 2467 1006 2523 πρὸς
1022 2469 1163 2512 λεπτὸν
1179 2470 1483 2529 ἀφηγούμενος·

28 2511 51 2556 ὅ
79 2516 121 2557 δὲ
147 2518 382 2572 περιήγησιν
408 2518 561 2573 ὕβρεως
586 2520 659 2571 τὴν
689 2519 834 2573 ὁμοίαν
857 2526 955 2580 λέγει
981 2524 1207 2582 οἷφήγησιν·
1243 2544 1327 2569 non
1354 2532 1485 2587 fuge-

27 2581 130 2610 runt
157 2574 367 2614 eruditum
394 2576 597 2615 editorem
619 2577 692 2619 Ed.
717 2579 902 2630 Twaites,
936 2596 1041 2635 quae
1062 2583 1114 2622 ob
1151 2588 1297 2624 oculos
1327 2586 1482 2627 habuit

26 2626 271 2680 Eustarlzius,
304 2632 560 2685 Hermogenis
583 2643 624 2672 ct
645 2634 821 2674 Luciam*
837 2640 942 2678 loca.
1003 2639 1224 2694 Significat
1244 2652 1383 2683 autem
1404 2661 1481 2686 πε·-

25 2689 252 2737 ριηγεῖσθαι
282 2691 452 2741 proprie
485 2691 682 2744 officium,
716 2691 827 2744 quod
860 2696 1094 2749 peregrinis
1124 2699 1327 2751 praestari
1350 2703 1474 2747 solet,

22 2755 90 2792 pez·
110 2755 238 2779 omnes
254 2754 384 2795 parles
410 2737 747 2797 circiumlucendi,
779 2765 951 2806 quaeque
979 2754 1063 2794 visu
1086 2752 1206 2809 (ligna
1226 2757 1325 2808 sint,
1356 2771 1478 2794 mon-«-

1065 2809 1201 2864 Pp2
