1741 3085
198 200 298 248 566
554 210 1300 244 ADNOTATIONES

202 311 354 364 utique
375 311 488 349 foret
507 306 838 361 interpretanda,
867 324 936 362 per
959 307 1100 347 luxum
1123 323 1173 348 ac
1188 308 1404 363 voluptates
1421 307 1655 353 immodera-

203 379 267 408 ias
287 366 474 406 insultare
495 367 618 406 vitae:
650 362 765 416 quod
795 362 844 402 ab
865 364 1204 417 eloquentissimi
1235 365 1365 417 patris
1399 376 1534 405 mente
1567 379 1656 405 non

206 438 353 477 parum
375 421 598 474 discrepat.
658 420 816 459 Vereor
840 429 977 459 autem
993 450 1004 469 ‚
1038 419 1153 472 quod
1175 420 1415 460 Alexander
1435 422 1655 475 gloriatur,

207 493 253 518 se
272 475 392 531 μικροὶ
413 475 459 518 τὰ
482 477 642 527 ἑσπέρια
662 477 830 525 δόξαντα
852 476 916 518 ἐπὶ
933 474 1008 529 τὴν
1036 477 1084 516 ἕω
1104 481 1251 528 μᾶλλον
1283 475 1472 529 ὁρμῆσαι,
1503 487 1551 514 ut
1570 478 1657 517 Ro-

208 549 380 584 manos,
424 534 522 572 illos
551 547 687 572 rerum
729 532 946 582 dominos,
989 532 1282 586 suffragatores
1316 532 1490 572 habeat:
1530 535 1663 572 multa

171 634 174 640 ¹
213 590 403 642 disputat
431 589 477 626 in
505 588 757 628 contrariam
787 596 948 641 partem
980 588 1119 627 Livius
1152 587 1225 638 IX,
1247 595 1308 630 17.
1341 588 1382 626 in
1413 590 1494 627 isto
1526 588 1664 628 nobili

211 644 491 694 diverticulo,
527 659 612 697 quo
636 645 870 698 quaesivit,
903 647 1062 698 quinam
1088 652 1238 683 eventus
1255 644 1451 684 Romanis
1470 645 1597 694 rebus,
1629 646 1665 683 si

209 718 298 742 cum
319 701 686 758 Alexandr-osor&
714 700 922 749 bellatum,
944 701 1112 756 futurus
1131 701 1284 756 fuerit.-
1315 701 1375 738 ibi
1410 715 1497 739 non
1529 714 1665 754 pauca

209 757 414 809 reperies,
446 772 554 809 quae
584 757 636 795 ad
668 756 781 795 hunc
817 757 992 796 Luciani
1022 756 1240 810 dialogum
1270 759 1422 795 collata
1452 755 1666 809 voluptati

211 823 349 854 erunt.
411 813 600 851 Omnino
624 814 771 851 confer
792 814 959 853 Art-ian.
981 813 1110 851 initio
1138 812 1213 852 lib.
1240 813 1337 852 VII.
1368 814 1547 852 HEMST.
1593 813 1665 851 De

209 868 456 908 Hannibale
479 868 693 918 Campana
714 868 886 907 luxurie
909 878 1131 920 corrupto,
1164 878 1364 921 tanquam
1385 868 1435 908 de
1465 883 1509 907 re
1532 871 1663 922 vulgo

211 934 312 962 nota
336 925 525 975 loquitur
553 923 685 964 Cicero
707 922 757 962 de
781 924 835 964 L.
851 923 1000 977 Agr.§.
1024 926 1092 968 95.
1125 924 1262 966 deinde
1285 940 1330 963 εα
1348 925 1536 972 luxuries,
1570 939 1669 978 quae

211 982 340 1032 ipsum
361 978 654 1030 Hannibalem,
686 982 808 1017 armis
837 982 952 1018 etiam
986 991 1067 1018 tum
1094 983 1299 1030 invictum,
1331 981 1529 1034 voluptate
1559 982 1668 1019 vicit.

212 1036 446 1074 Marcellus
467 1035 580 1087 apud
601 1036 762 1075 Livium
783 1034 954 1082 XXIII,
974 1038 1041 1079 45.
1076 1049 1159 1087 quo
1178 1049 1337 1074 summa
1358 1037 1400 1073 vi
1433 1036 1587 1074 milites
1615 1034 1667 1074 ad

213 1105 398 1145 pugnam
423 1091 684 1140 hortaretur,
722 1090 894 1144 Capuam
923 1091 1151 1130 ,Hannibali
1173 1091 1494 1148 Cannasfuisse:
1522 1091 1578 1130 ibi
1593 1093 1670 1130 vir-

213 1158 331 1186 iuicm
360 1146 563 1196 bellicam,
596 1146 654 1185 ibi
679 1147 890 1186 militarem
907 1146 1172 1200 disciplinam,
1201 1148 1260 1187 ibi
1273 1150 1472 1201 praeteriti
1491 1149 1672 1201 temporis

201 1202 388 1259 famam,
430 1203 487 1241 ihi
516 1218 621 1255 spem
642 1202 783 1258 futuri
806 1206 1066 1243 exstinctam.-
1111 1217 1218 1256 quae
1245 1218 1332 1242 non
1361 1204 1499 1241 minus
1535 1204 1674 1256 ipsum

213 1259 455 1297 Poenorum
483 1258 656 1308 ducem,
691 1271 814 1312 quam
846 1258 1028 1308 milites,
1061 1269 1203 1312 petere
1232 1259 1445 1299 videntur.
1479 1259 1603 1298 Imm
1631 1261 1674 1298 in

214 1312 360 1355 Acmen
366 1314 439 1354 slis.

327 1370 428 1423 Pag.
459 1374 557 1414 187.
582 1372 612 1409 1.
641 1374 681 1413 1.
709 1367 798 1412 ''Hv
826 1367 907 1425 μὴ)
946 1370 1018 1410 Sic
1047 1385 1192 1411 omnes
1227 1371 1329 1410 libri
1361 1371 1498 1411 nostri
1528 1385 1604 1424 pro
1634 1369 1678 1425 ἥς

216 1425 383 1467 SoLAN.
719 1464 721 1467 ,
798 1466 802 1476 ,

331 1480 435 1521 Εειᾶ.
457 1484 486 1519 1.
504 1487 543 1525 3.
567 1477 809 1533 Ἰταλιώτης)
839 1484 1075 1521 Incurrisse
1088 1482 1226 1522 videri
1248 1492 1389 1535 potest
1399 1484 1604 1524 Lucianus
1628 1483 1674 1522 in

218 1540 405 1592 regulam
435 1551 458 1574 a
489 1537 790 1577 Grammaticis
823 1539 1151 1592 praescriptam,
1193 1553 1298 1592 quae
1331 1548 1380 1576 ut
1411 1538 1607 1587 Σικελοῦς
1635 1548 1680 1578 et

218 1591 483 1642 Σικελιώτας,
532 1594 595 1631 sic
636 1593 763 1634 etiam
802 1591 985 1642 Ἰταλούς
1025 1604 1152 1646 atque
1189 1591 1419 1642 Ἰταλιώτας
1449 1594 1674 1636 discernite

218 1648 332 1687 hanc
353 1648 466 1686 enim
489 1663 675 1687 normam
708 1649 745 1687 si
764 1649 888 1702 sequi
908 1651 1128 1699 voluisset,
1160 1650 1308 1701 Scipio
1333 1664 1421 1688 non
1437 1648 1677 1703 Ἰταλιώτης,

220 1702 464 1752 εθᾶἸταλὸς
483 1703 689 1743 dicendus
711 1714 813 1743 erat.
876 1704 975 1744 Vid.
1013 1706 1176 1760 Zlsslenag.
1196 1705 1248 1743 ad
1274 1707 1438 1758 Diogen.
1467 1706 1517 1745 L.
1544 1706 1604 1755 II,
1635 1710 1676 1750 5.

220 1760 378 1799 Verum
410 1774 499 1799 eam
528 1763 663 1813 legem
696 1760 850 1812 optimi
881 1762 1111 1813 scriptores
1156 1762 1335 1814 migrare
1361 1776 1485 1815 saepe
1514 1765 1677 1814 solent3

220 1829 387 1869 proque
409 1815 564 1854 Siculis
586 1815 825 1864 Σικελιώτας
846 1817 993 1868 posuit
1012 1816 1178 1857 Diodor.
1200 1818 1280 1857 Sic.
1305 1827 1394 1856 tum
1414 1818 1489 1856 XI.
1514 1832 1556 1871 p.
1579 1822 1677 1861 279.

221 1872 283 1911 D.
316 1882 406 1910 tum
426 1871 528 1909 alibi
553 1886 639 1910 non
662 1886 780 1919 Τῆνος
816 1871 868 1911 de
891 1886 975 1926 quo
995 1887 1110 1912 more
1130 1874 1349 1927 copiosius
1369 1873 1455 1912 alio
1487 1877 1584 1913 loco
1615 1873 1680 1912 di-

223 1942 375 1968 cemus.
406 1928 588 1968 Hnms‘r.
645 1924 699 1968 ‘O
719 1927 902 1970 καθελών
924 1927 1164 1982 Καρχηδόνα
1192 1930 1508 1969 ΙΙενηειενῘιιιείιις
1540 1929 1680 1968 reddi-

225 1982 312 2022 dit:
344 1983 535 2040 qaifizgi
553 1983 838 2037 Carthaginem.
882 1985 1079 2025 TVielancl.
1101 1985 1408 2039 gedeml'ithigt.
1453 1985 1680 2025 D'Ablan-

224 2050 351 2079 court:
381 2042 450 2094 qui
479 2053 527 2093 ay
556 2039 712 2092 dompze‘
749 2039 925 2094 &arsag-e.
992 2040 1155 2080 Belinus
1179 2055 1352 2095 prorsus
1382 2042 1677 2093 praetermisit.

226 2094 366 2134 Unice
386 2104 520 2143 recte,
554 2097 589 2133 si
610 2095 713 2148 quid
737 2095 888 2144 video,
922 2105 1081 2136 veteres
1106 2097 1356 2149 interpretes
1379 2097 1553 2148 Latini,
1585 2097 1681 2150 qui-

225 2149 306 2188 bus
333 2160 375 2190 et
397 2151 488 2203 ipse
508 2151 823 2192 Hemsterhusius
844 2153 890 2191 iu
911 2153 1069 2191 minori
1100 2151 1291 2192 editione
1322 2161 1581 2192 accesserat:
1612 2154 1682 2207 qui

226 2205 350 2245 delevi
371 2205 657 2260 Carthaginem.
718 2208 890 2248 Scilicet
911 2214 1146 2260 καθαιρεῖν,
1178 2208 1254 2246 ubi
1276 2208 1327 2247 de
1349 2208 1537 2257 urbibus,
1570 2222 1683 2247 moe-

227 2262 370 2310 nibus,
386 2261 577 2311 aedibus,
591 2262 829 2312 adhibetur,
848 2265 935 2304 fere
949 2264 1162 2316 significat
1183 2263 1382 2313 destrucre,
1397 2263 1556 2313 diruere,
1570 2279 1682 2303 ever-

228 2328 316 2366 iere,
331 2318 463 2358 delere.
486 2319 556 2357 De
568 2318 697 2358 inuris
712 2318 825 2373 apud
840 2320 1106 2373 Thucydidem
1119 2330 1160 2359 et
1173 2320 1466 2373 Xenophoniem
1479 2319 1683 2358 creberri-

229 2386 297 2410 me
322 2374 530 2413 occurritz
573 2388 650 2426 pro
679 2374 825 2415 multis
856 2375 1040 2415 sufficiat
1072 2390 1182 2414 unus
1208 2379 1329 2414 locus
1358 2376 1539 2428 Xenoph.
1563 2374 1678 2414 Hist.

231 2429 306 2468 Gr·
329 2428 380 2477 V,
401 2434 440 2479 2,
471 2435 510 2472 7.
541 2429 591 2472 τὰ
614 2432 706 2485 περὶ
733 2430 804 2474 τὸν
832 2436 996 2484 πειραιᾶ
1025 2430 1157 2486 μακρὰ
1185 2434 1291 2484 τείχη
1323 2434 1549 2488 καθῃρέθη.
1607 2431 1680 2470 De

229 2482 404 2522 urbibus
430 2487 586 2529 eversis
605 2501 694 2526 non
723 2487 863 2527 minus
894 2489 1140 2540 frequenter
1161 2496 1435 2540 usurpatum:
1467 2484 1518 2524 de
1548 2486 1680 2538 Troja

229 2551 307 2591 per
326 2539 551 2580 Herculem
581 2540 856 2597 diruta-'apud
877 2543 1012 2597 Eut-ip.
1034 2541 1218 2583 Troadd.
1238 2557 1277 2580 v.
1302 2547 1396 2585 816.
1428 2540 1502 2579 ubi
1520 2555 1559 2580 v.
1579 2545 1678 2584 814.
1739 2556 1741 2558 ·

230 2593 326 2646 pari
347 2594 391 2632 vi
411 2596 629 2646 ἐκπέρθτιν.
661 2598 711 2639 cle
730 2599 941 2652 Byzantio
962 2614 1037 2653 per
1066 2599 1246 2651 Nigrum
1282 2597 1501 2636 Caesarem
1531 2609 1678 2638 everso

234 2648 349 2702 apud
371 2650 592 2692 Herodian.
611 2654 694 2702 III,
722 2659 759 2705 1,
781 2661 846 2700 16.
879 2654 930 2696 de
947 2655 1146 2708 Aquileja
1165 2668 1240 2707 per
1256 2652 1546 2691 Maximinum
1570 2651 1681 2691 dele-

233 2714 276 2744 ta
302 2705 408 2748 ibid.
430 2706 554 2758 VIII,
574 2713 616 2759 4,
634 2715 702 2754 24.
733 2710 802 2751 Ad
825 2711 1189 2765 huncjsolennem
1216 2708 1334 2750 verbi
1365 2723 1489 2748 usum
1519 2707 1683 2748 accedit
