1741 3085
198 203 297 250 610
556 199 1307 239 ADNOTA‘rronsss

199 325 339 352 sorum
367 319 569 351 amorem3
601 302 717 357 quod
743 300 898 342 crimen
930 297 1167 339 admirabili
1203 300 1295 338 viro
1318 311 1441 352 saepe
1460 296 1649 353 quidem,

197 367 270 406 sed
287 364 506 405 falsissime
530 360 615 399 fuit
636 360 871 412 objectum;
904 355 955 394 de
977 357 1153 395 Platone
1167 369 1231 393 res
1254 356 1337 394 ista
1358 357 1555 408 majorem
1578 355 1651 394 ha-

200 425 269 463 bet
291 420 646 461 controversiam:
677 413 776 453 vide
799 414 935 453 Davis.
956 411 1006 451 ad.
1029 410 1149 453 Cicer.
1170 413 1220 452 T.
1243 412 1301 451 D.
1326 412 1402 461 IV,
1424 416 1493 456 34.
1522 410 1650 464 Quod

197 477 326 518 modo
355 477 544 515 Socrates
576 471 736 525 ajebat,
769 471 837 511 καὶ
867 465 984 517 αὐτὸς
1008 469 1183 519 ἔφασκον
1207 478 1288 507 etc.
1323 470 1412 521 ejus
1440 468 1652 523 specimen

198 536 365 574 illustre
398 529 582 583 reperire
604 527 707 566 licet
728 526 772 563 in
795 525 982 566 Aeschin.
1004 525 1062 564 D.
1086 524 1169 562 III.
1192 538 1224 564 c.
1248 529 1286 567 6.
1309 522 1383 561 sed
1412 537 1504 562 cum
1526 523 1654 561 solita

197 601 337 629 tamen
364 587 549 642 εἰρωνείᾳ
582 587 880 634 conjunctum:
913 579 1012 619 vide
1045 579 1166 621 Cicer.
1189 578 1317 618 Acad.
1341 579 1377 619 I.
1402 593 1438 619 c.
1458 581 1498 623 5.
1520 593 1562 632 p.
1587 583 1652 622 18.

200 657 392 700 quaeque
419 642 477 680 ibi
503 649 623 680 notat
644 640 840 677 Davisius.
895 638 1075 676 Hems'r.

310 698 414 739 Ead.
435 700 463 737 1.
485 701 526 740 9.
575 693 659 737 Οὐκ
689 693 889 749 ὀλιγωρεῖς
919 699 996 734 τῶν
1027 696 1184 741 καλῶν)
1213 690 1416 731 Nondum
1444 691 1657 730 Socratem

201 771 328 798 ausus
350 754 504 793 incesti
536 765 729 805 arguere,
763 750 934 789 modum
956 749 1001 786 in
1026 751 1133 802 jocis
1155 749 1339 801 aliquem
1366 756 1517 788 servat.
1577 747 1658 785 Ars

202 822 366 859 autem,
400 824 524 863 quam
546 809 616 847 hic
646 807 861 855 nominat,
894 819 942 844 ea
975 814 1062 850 est,
1094 819 1174 858 qua
1206 804 1398 842 Socrates
1420 804 1657 842 animorum

201 884 246 909 se
263 866 533 908 obstetricem
554 874 597 903 et
622 862 706 901 dici
729 872 769 901 et
800 861 947 899 haberi
969 860 1181 912 cupiebat.
1241 860 1309 897 De.
1329 857 1552 898 Alcibiade
1578 859 1660 896 So-

203 924 418 976 cratisque
448 921 493 959 in
526 934 622 959 eum
654 932 792 957 amore
820 918 985 968 Diogen.
1011 917 1062 956 L.
1096 930 1134 968 p.
1158 921 1226 960 38.
1249 916 1296 956 F.
1320 924 1362 955 et
1382 920 1445 957 40.
1470 915 1518 952 F.
1544 913 1661 966 apud

202 976 449 1021 Athenarum⁴
468 976 646 1029 Aspasia
678 975 854 1026 ipseque
879 973 1127 1012 Athenaeus:
1161 972 1264 1023 quin
1286 981 1328 1011 et
1359 972 1450 1024 ipse
1479 970 1660 1008 Alcibia-

205 1037 276 1075 des
297 1032 411 1087 apud
429 1032 535 1072 Plar.
555 1032 748 1083 Sympos.
784 1028 898 1067 Alibi
918 1028 1060 1067 Noster
1079 1042 1163 1066 non
1183 1036 1267 1064 tam
1289 1035 1411 1065 caute
1435 1025 1485 1064 de
1507 1025 1660 1065 amori-

205 1092 283 1129 bus
305 1089 398 1128 istis
429 1089 648 1141 loquitur;
680 1095 729 1124 ut
749 1095 790 1123 et
812 1085 974 1137 Peregr.
1001 1098 1034 1122 c.
1056 1088 1121 1128 43.
1171 1082 1249 1121 Sed
1273 1080 1372 1120 vide
1406 1081 1498 1121 illic
1522 1081 1661 1120 Notas

204 1155 399 1192 nostram,
432 1144 482 1183 ad
506 1144 672 1195 Peregr.
698 1150 835 1179 autem
860 1141 908 1178 T.
928 1138 1061 1179 Fabri.
1106 1140 1274 1179 SOLAN.

317 1199 418 1240 Ead-
441 1203 471 1239 1.
501 1205 565 1241 12.
603 1196 679 1238 Mo}
701 1193 784 1245 Δί’,
819 1197 881 1236 ἐπὶ
911 1194 981 1236 τὸν
1006 1200 1185 1249 Κροῖσον
1208 1193 1283 1248 γὰρ
1309 1195 1374 1235 καὶ
1396 1190 1662 1247 Σαρδανᾶπεμ

206 1264 278 1301 λον
297 1257 460 1309 ἄπειμι)
490 1253 743 1294 Benedictus:
783 1252 875 1291 N'on
894 1267 963 1305 per
981 1251 1139 1292 Jovem:
1173 1250 1352 1291 Croesum
1385 1252 1484 1288 enim
1506 1259 1541 1287 et
1561 1249 1664 1289 Sar-

207 1312 449 1366 danapalum
467 1311 576 1351 adeo.
637 1310 738 1348 Non
758 1321 876 1347 secus
898 1321 960 1357 ac,
993 1307 1027 1346 si
1051 1308 1258 1347 voluisset
1291 1307 1558 1360 negationem
1581 1306 1666 1344 Lu·

208 1374 369 1417 cianus,
396 1381 485 1406 non
518 1365 710 1420 potuerit
738 1378 851 1402 nunc
882 1377 1053 1416 quoque
1080 1362 1245 1411 dicere,
1277 1372 1326 1399 ut
1359 1376 1457 1400 mox
1489 1371 1586 1400 ante
1606 1357 1668 1403 ‘ov’

209 1424 264 1480 μᾶ
285 1426 384 1473 Δία,
416 1419 517 1464 ἀλλὰ
532 1422 761 1470 κενοδοξία,
792 1421 861 1461 καὶ
881 1418 1007 1472 τῦφος
1029 1429 1108 1459 etc.
1143 1429 1184 1457 et
1211 1419 1255 1456 in
1276 1417 1470 1456 Vitarum
1495 1417 1667 1456 auctio-

209 1495 302 1530 ne.
323 1474 370 1522 οὗ
394 1477 448 1532 μὰ
477 1477 546 1520 τόν
574 1478 756 1529 μέγιστον
777 1473 900 1529 ὅρκον
925 1473 973 1516 τὰ
992 1476 1166 1528 τέτταρα.
1227 1475 1277 1513 In
1301 1472 1501 1513 Mercede
1527 1472 1665 1514 cond.

212 1535 261 1580 οὗ
283 1535 337 1589 μοὶ
356 1537 436 1576 Δία
454 1539 524 1586 τῆς
538 1532 700 1583 Ἑλένης
719 1532 845 1580 ἕνεκα,
880 1529 972 1572 οὐδὲ
990 1535 1069 1571 τῶν
1096 1528 1286 1583 Πριάμου
1303 1528 1540 1583 Περγάμων.
1581 1528 1667 1568 Sed

213 1592 361 1640 vides,
395 1599 609 1629 auctorem
629 1601 744 1626 nunc
763 1586 905 1639 loqui,
939 1595 987 1624 ut
1013 1586 1117 1624 fecit
1151 1586 1193 1623 in
1220 1584 1390 1638 dialogo
1402 1584 1511 1624 Noti
1523 1594 1565 1622 et
1584 1586 1670 1625 Ze-

212 1647 363 1702 phyri,
394 1646 639 1697 θεραπευτέα
656 1646 871 1697 τοιγαροῦν
891 1641 971 1694 ἤδη
995 1638 1183 1683 δέσποινά
1203 1658 1246 1693 γε
1272 1634 1385 1682 οὖσα.
1431 1638 1482 1690 νὴ
1505 1643 1584 1681 Δία
1605 1636 1668 1682 εὗ-

211 1704 407 1754 ,νουστέρα
437 1700 512 1755 γάρ
532 1699 637 1742 οὕτω
668 1701 833 1752 γένοιτο.
894 1698 1048 1736 Sensus
1075 1707 1160 1743 est,
1194 1694 1338 1736 Itane?
1365 1700 1444 1735 imo
1465 1695 1520 1733 ad
1543 1695 1669 1736 Croe-

213 1776 298 1800 sum
318 1768 397 1798 etc.
431 1759 576 1796 GRON.
636 1755 761 1794 Nihil
781 1752 1047 1801 mutandum3
1082 1752 1234 1805 passim
1250 1752 1308 1790 ita
1331 1750 1535 1790 adhibent
1555 1754 1671 1805 opti-

212 1815 274 1854 mi
304 1814 465 1867 quique
494 1812 720 1865 scriptores
742 1810 905 1849 Graeci.
963 1809 1075 1848 Vide
1110 1808 1284 1847 initium
1304 1807 1380 1846 lib.
1406 1807 1482 1846 VI.
1506 1807 1665 1861 Cyrop.

214 1870 506 1923 Xenophontis,
540 1868 653 1922 quod
675 1866 793 1905 hisce
816 1874 970 1904 scatet:
1002 1879 1140 1918 neque
1171 1878 1357 1918 unquam
1378 1863 1502 1902 aliter
1525 1864 1668 1904 Xeno-

209 1927 331 1981 phon,
362 1925 446 1964 nisi
466 1925 632 1964 vitiatis
658 1923 771 1961 forte
788 1920 1022 1961 codicibus.
1065 1922 1231 1961 somn.

326 1981 429 2035 Pag.
447 1985 543 2025 220.
562 1984 589 2021 1.
607 1986 646 2024 7·
684 1977 788 2020 Θεὸν
807 1975 925 2026 ὄντα)
961 1977 1167 2017 Cerberus
1188 1976 1372 2016 Luciano
1393 1978 1573 2015 multum
1599 1976 1670 2017 de-

216 2036 309 2087 bet,
342 2051 364 2076 a
395 2051 479 2091 quo
498 2037 627 2076 titulo
658 2044 740 2073 tam
763 2033 1029 2082 honorifico,
1063 2047 1187 2086 quem
1214 2033 1287 2073 vix
1317 2031 1540 2086 quisquam
1558 2033 1667 2072 alius

214 2093 521 2144 imperdverst,
554 2093 876 2131 cohonestetur:
910 2103 1047 2140 neque
1068 2098 1206 2128 tamen
1228 2102 1347 2128 secus
1366 2088 1410 2125 in
1427 2088 1516 2128 Vit.
1541 2089 1667 2129 Auct.

216 2162 251 2189 c.
270 2148 390 2190 XVI.
448 2148 546 2188 Vid.
574 2147 715 2187 Barth.
749 2145 800 2184 ad
832 2145 936 2185 διαί.
967 2144 1047 2185 Th.
1068 2145 1136 2192 II.
1163 2150 1228 2189 26.
1256 2142 1331 2193 IV,
1353 2147 1449 2187 486.
1511 2143 1670 2185 Canem

214 2204 330 2244 hunc
348 2203 484 2243 dirum
512 2202 727 2244 intellexit
746 2200 1016 2242 Callimachus
1031 2201 1076 2239 in
1098 2202 1262 2255 Fragm.
1285 2200 1424 2241 Bentl.
1446 2214 1486 2242 n.
1509 2199 1667 2240 CLXI.

433 2261 573 2308 Ξεῖνος
590 2258 816 2312 Ἐχιδναῖον
835 2258 979 2310 ’νέρθεν
1002 2255 1110 2312 ἄγων
1136 2256 1309 2298 δάκετον.

214 2314 420 2356 Hercules
452 2327 514 2356 est
537 2317 609 2354 ille
635 2318 782 2364 ξεῖνος
814 2327 890 2351 nec
924 2311 1099 2361 dubito,
1135 2314 1241 2365 quin
1267 2327 1320 2352 ex
1356 2313 1510 2362 Αἰτίοις
1538 2311 1669 2364 Cyre-

214 2371 311 2409 naei
333 2372 442 2411 vatis
464 2371 709 2425 depromtus
728 2371 784 2409 sit
801 2380 971 2410 versus:
1004 2368 1105 2409 vide
1130 2369 1262 2422 Quint.
1289 2366 1448 2409 Calabr.
1473 2368 1548 2420 VI,
1568 2372 1663 2412 260.

213 2425 394 2468 anxxsr,
1398 2451 1400 2453 ,

326 2481 428 2522 Eacl.
454 2485 481 2522 1.
507 2487 572 2526 11.
600 2479 794 2536 Ἀτρέπτῳ
822 2484 878 2536 τῷ
903 2477 1130 2534 προςώπῳ)
1166 2485 1232 2536 Τῷ
1251 2479 1295 2518 in
1320 2479 1535 2533 plerisque
1568 2478 1667 2519 dee-

215 2546 301 2577 rat:
331 2538 538 2590 reperitur
570 2538 615 2576 in
643 2539 740 2578 MS.
764 2537 847 2577 Ox.
870 2536 979 2577 Con.
1011 2535 1103 2577 edd.
1129 2537 1190 2575 Fl.
1216 2545 1259 2575 et
1279 2535 1322 2577 P.
1383 2534 1452 2572 Sic
1478 2534 1663 2589 Polyaen.

211 2593 336 2633 Strat.
368 2593 487 2634 VIII.
520 2608 561 2646 p.
588 2597 686 2638 556.
729 2594 896 2632 SOLAN.
959 2592 1113 2631 Vultus
1145 2592 1330 2631 Socratis
1360 2603 1524 2642 semper
1552 2589 1663 2629 idem

212 2647 483 2687 admirationi
506 2650 593 2687 suit
616 2649 844 2695 veteribus,
877 2648 1004 2687 etiam
1025 2646 1275 2700 Xanthippe
1293 2648 1511 2685 luculenta
1532 2655 1659 2692 teste3

182 2745 184 2747 ,
210 2717 334 2758 quam
353 2704 489 2744 fuisse
508 2708 632 2745 talem
652 2705 916 2760 praedicant,
950 2716 1058 2759 quae
1082 2706 1374 2756 cujuscunque
1396 2702 1539 2742 mariti
1560 2704 1663 2741 alte-
