1741 3085
276 183 377 230 230

749 196 1149 231 LU‘CIANI

135 304 263 339 1³·430·
278 306 360 344 στε,
393 291 464 346 οὐχ
481 289 563 347 6ρῶ
592 291 636 345 ὅ,
667 310 704 336 τι
731 289 944 346 ἀπολαύεις
962 294 1106 348 αὐτοῦ,
1137 295 1243 350 πλὴν
1271 296 1373 351 εἰμὴ
1391 302 1521 342 τοῦτο
1543 299 1637 357 φῂς,

274 357 337 401 ὅτι
355 364 500 414 μᾶλλον
520 357 634 415 ἡμῶν
656 358 904 420 ἀχθοφορεῖς
922 361 1002 407 ὑπὸ
1018 363 1274 418 ,τηλικούτοις
1301 368 1434 415 λίθοις
1467 366 1639 421 πιεζόμε-

275 444 359 477 νος.

107 504 140 539 1³·
156 503 264 544 4513
391 501 481 539 MA
490 502 568 540 ΥΣ
594 497 798 554 Ἀνόνητα
826 518 900 544 ουν
929 518 996 555 μοι
1029 501 1158 543 ἐκεῖνα
1181 498 1336 553 πάντα,
1366 504 1437 544 καὶ
1465 497 1642 555 ἰσότιμος

273 563 381 608 ἔσται
406 568 656 619 Μαύσωλος,
687 570 754 610 καὶ
775 569 988 623 Διογένης,·

1463 633 1642 678 Μαύσω-

272 702 340 747 λος
358 700 429 754 μὲν
460 700 534 756 γὰρ
557 699 779 754 οἰμώξεται,
809 705 1054 757 μεμνημένος
1080 710 1156 746 τῶν
1182 702 1281 760 ὑπὲρ
1313 712 1408 760 γῆς,
1439 706 1481 746 ἐν
1503 703 1564 752 οἷς
1582 701 1643 745 εὗ-

273 768 478 820 δαιμονεῖν
499 766 594 825 ῴέτο
607 781 615 789 ·

386 637 535 675 ΔΙΟΓ.
566 631 683 676 Οὖκ’
668 634 862 690 ισότιμος,
896 636 926 677 (ὁ
947 633 1209 690 γενναιότατε·
1242 636 1290 680 οὕ
1310 656 1401 693 γαρ.

662 773 856 826 Διογένης
878 772 918 813 δὲ
937 772 1240 826 καταγελάσεται
1259 769 1394 815 αὐτοῦ.
1425 773 1489 814 καὶ
1508 768 1643 823 τάφον

275 830 297 875 ὅ
318 834 389 888 μὲν
410 837 451 877 ἐν
465 835 755 894 Ἁλικαρνασσῷ
772 840 852 893 ἐρεῖ
871 840 1013 880 ἑαυτοῦ
1033 836 1375 894 ὖπὸἈρτεμισίας
1403 844 1473 892 τῆς
1504 855 1643 893 γυναι-

273 899 344 949 κὸς
362 905 428 944 καὶ
449 902 627 958 ἀδελφῆς
650 909 1010 960 κατεσκευασμένον
1029 908 1067 960 e)
1082 921 1091 930 ·
1135 905 1157 949 ὁ
1175 910 1371 963 Διογένης
1390 908 1450 956 δὲ,
1481 910 1555 947 τοῦ
1572 905 1642 958 μὲν

272 966 454 1022 σώματος
481 974 516 1013 εἰ
537 976 608 1015 καί
626 991 713 1016 τινα
733 974 864 1028 τάφον
891 977 988 1028 ἔχει,
1019 973 1091 1017 οὐκ
1122 974 1249 1018 οἶδεν·
1281 971 1374 1017 οὐδὲ
1393 970 1430 1028 s)
1461 972 1536 1028 γὰρ
1559 974 1642 1025 ἔμε-

272 1041 340 1079 λεν
359 1034 466 1096 αὐτῷ
489 1038 631 1083 τούτου
646 1054 654 1063 ·
685 1041 803 1097 λόγον
823 1043 863 1084 δὲ
890 1048 973 1090 τοῖς
991 1041 1168 1096 ἀρίστοις
1196 1045 1285 1097 περὶ
1313 1038 1436 1084 αὐτοῦ
1453 1042 1498 1095 g)
1527 1057 1643 1082 κατα-

270 1105 469 1158 λέλοιπεν,
501 1105 650 1162 ἀνδρὸς
677 1111 767 1160 βίον
795 1108 998 1164 βεβιωκώς
1023 1107 1296 1193 ὑψηλότερον.
1337 1103 1370 1150 ai
1398 1113 1545 1162 Καρων
1575 1123 1645 1148 αν-

272 1174 640 1227 δραποδωδέστατε,
670 1181 740 1219 τοῦ
761 1191 833 1220 σου
855 1175 1080 1245 μνήματος,
1111 1178 1180 1219 καὶ
1197 1178 1239 1220 ἐν
1261 1176 1497 1231 βεβαιοτέρῳ
1516 1175 1647 1229 χωρίῳ

270 1255 365 1282 κατε
370 1254 433 1282 σκε
419 1244 646 1297 υασμένον.

315 1342 359 1385 e)
386 1342 858 1398 κατεσκευασμένον]
883 1356 1031 1379 κατασκ.
1048 1346 1087 1378 Α.
1114 1357 1144 1378 1.
1168 1356 1199 1377 2.
1228 1344 1266 1377 in
1290 1344 1363 1376 fine
1390 1350 1515 1377 tamen
1542 1348 1644 1376 recte

362 1388 401 1420 in
422 1395 590 1434 utraque
637 1390 677 1428 f)
705 1402 756 1424 ov
770 1388 838 1434 δε]
867 1387 978 1425 ουδὲν
997 1392 1137 1431 malim,
1164 1396 1205 1422 ut
1226 1390 1460 1422 soletNoster
1477 1399 1560 1421 cum
1581 1399 1647 1430 op-

361 1433 463 1466 timis
480 1435 745 1479 scriptoribus:
776 1436 849 1468 Vit.
860 1439 966 1472 Auct.
986 1449 1017 1469 c.
1034 1449 1065 1481 7.
1081 1448 1131 1479 14.
1146 1441 1182 1467 et
1198 1435 1355 1478 saepius.
1405 1435 1447 1480 g)
1477 1428 1646 1477 αυτ-ου]

361 1475 482 1514 αυτοῦ
498 1481 613 1513 Belin·
636 1487 672 1514 et
689 1482 802 1513 ⁴Sem
822 1492 840 1513 e
860 1483 955 1524 conj.
977 1484 1111 1514 llemst.
1132 1482 1162 1514 Ι.

276 1570 457 1622 optime,
511 1586 595 1610 non
632 1571 781 1621 video,
840 1587 924 1626 quo

277 1626 358 1664 tibi
399 1637 718 1666 monumentum
766 1629 923 1680 prosit,

275 1681 360 1719 nisi
382 1681 465 1720 hoc
498 1683 679 1732 dixeris,
724 1693 765 1722 te
794 1687 927 1736 majus

983 1573 1207 1626 Diogenes
1253 1580 1402 1610 contra
1435 1569 1646 1609 deridebit

986 1631 1136 1682 ipsum.
1198 1629 1256 1665 Et
1292 1628 1364 1665 ille
1396 1640 1642 1664 monumen·

986 1694 1075 1722 tum
1090 1683 1271 1747 ‘quidem
1301 1697 1422 1720 suum
1453 1681 1643 1719 Halicar-

275 1750 401 1788 quam
441 1751 516 1776 nos
558 1748 718 1791 gestare
761 1739 928 1790 pondus

274 1793 404 1830 tantis
425 1793 640 1845 lapidibus
667 1808 926 1846 oppressum.

331 1878 474 1917 filaus,
508 1876 782 1915 Infructuosa
798 1877 934 1930 igitur

275 1930 355 1969 ista
378 1931 485 1969 mihi
506 1932 669 1970 fuerint
692 1932 856 1980 omnia,
893 1941 934 1970 et

275 1987 368 2038 pari
444 1987 608 2025 honore
684 1963 935 2040 aequabitur

275 2036 500 2082 Mausolus
526 2057 572 2080 ac
593 2042 855 2096 Diogenes?

333 2127 468 2179 Diog.
528 2125 629 2165 Non
688 2125 802 2179 pari,
865 2126 934 2165 vir

277 2182 662 2235 praestantissime:
714 2181 932 2234 haudqua-

278 2250 419 2289 quam.
491 2239 715 2276 Mausolus
773 2238 931 2276 etenim

278 2292 610 2344 lamentabitur,
688 2293 930 2333 recordatus

280 2360 455 2397 eornm,
491 2364 606 2414 quae.
622 2349 665 2387 in
686 2359 794 2389 terra
817 2363 933 2401 prae-

280 2410 346 2438 sto
366 2403 561 2455 fuerunt,
595 2406 637 2443 in
663 2406 816 2458 quibus
840 2405 934 2444 feli-

282 2456 452 2496 citatem
466 2474 551 2500 esse
581 2461 703 2501 sitam
724 2460 932 2501 ducebat·

988 1740 1101 1777 nassi
1125 1734 1372 1778 memorabit
1389 1737 1439 1774 ab
1465 1737 1645 1776 Artemi-

988 1796 1049 1834 sia
1086 1807 1220 1833 uxore
1260 1793 1384 1830 simul
1418 1802 1459 1831 et
1503 1805 1648 1833 solore

991 1859 1293 1890 constructum.
1330 1848 1552 1902 Diogenes
1574 1862 1646 1886 au-

991 1915 1073 1944 tem
1108 1904 1352 1956 corpusculi
1407 1906 1645 1956 sepulcrum

991 1958 1168 2012 aliquod
1200 1975 1251 1997 an
1275 1959 1448 2009 habeat,
1481 1967 1543 1997 est
1573 1973 1645 1997 ne·

990 2016 1129 2065 scius,
1163 2015 1375 2068 siquidem
1412 2014 1525 2052 nihil
1556 2029 1646 2054 eam

990 2086 1075 2111 rem
1102 2072 1282 2109 curarit:
1323 2083 1467 2109 verum
1498 2084 1662 2123 perpe-·

989 2137 1103 2166 tuam
1118 2126 1439 2190 sapientissimis
1460 2125 1563 2166 viris
1577 2125 1646 2164 sui.

991 2183 1434 2222 commemorationem
1453 2181 1643 2233 reliquit,

992 2239 1151 2293 quippe
1177 2239 1251 2291 qui
1274 2238 1358 2278 viri
1377 2238 1507 2276 vitam
1529 2236 1644 2274 vixe-

990 2294 1048 2333 rit
1070 2294 1356 2334 sublimiorem
1378 2301 1466 2340 tuo,
1490 2289 1645 2329 Carum

992 2349 1322 2402 abjectissimum
1360 2346 1644 2409 mancipium,

990 2413 1294 2453 monumento,
1329 2403 1460 2456 inque
1486 2401 1646 2442 tutiore

991 2462 1088 2500 loco
1111 2459 1342 2502 conditam
