1741 3132
332 240 393 271 1N
429 236 745 269 niALOGos
781 235 1178 267 monrnouunt.
1389 223 1488 270 639

29 354 115 380 rem
157 337 310 379 merito
355 336 587 378 Codicibus
629 334 864 375 adsentitur
905 337 1194 389 praestantiss.
1223 336 1399 378 Duker-us
1434 338 1489 379 ad

30 396 255 452 Thucydid.
277 395 399 436 VIII.
423 409 456 436 c.
478 400 546 439 88.
570 407 705 460 neque
734 392 857 430 aliter
879 402 943 431 est
962 392 1265 431 scribendum·
1254 409 1297 432 m
1318 394 1483 435 Aeliam.

31 452 83 493 de
102 453 243 492 Anim.
266 453 300 494 I.
322 467 355 490 c.
373 457 410 495 2.
436 447 540 493 εὕθυ
559 453 632 492 τοῦ
651 465 804 516 κυρτου
819 445 941 502 ε’ἕγειν.
1001 448 1098 487 Hoc
1118 448 1168 488 de
1187 464 1340 518 genere
1360 450 1487 490 Kuk-

28 512 117 549 nius
138 507 189 547 ad
212 508 374 549 Αεῖἰαη.
398 508 448 549 V.
469 508 523 549 H.
546 506 633 555 IX,
666 510 729 549 18.
760 521 834 556 την
865 505 998 559 ἑτέραν
1025 500 1155 557 ηλθον
1180 505 1254 558 τὴν
1281 502 1383 549 ευθῦ
1413 511 1488 549 τοῦ

28 562 155 622 αδου,
188 574 230 604 et
253 565 295 603 in
314 563 410 602 Ind.
435 563 604 602 notavit
625 560 866 600 adcuratius
889 561 980 600 Per
958 577 1115 612 monto,
1137 563 1220 632 qui
1243 577 1328 602 non
1348 567 1486 603 solum

30 608 162 670 ευθύς
182 631 224 660 et
245 619 349 663 εὐθὺ
371 634 540 672 prorsus
563 617 705 657 eadem
739 616 909 668 habuit,
941 618 1012 657 sed
1036 628 1077 657 et
1105 616 1207 660 εὐθύ
1230 633 1306 672 pro
1327 636 1380 659 0oe
1402 620 1488 658 ad..

26 694 157 727 verso,
189 694 209 716 e
236 694 296 715 roe
272 680 408 730 Dione,
441 690 527 715 non
556 672 779 713 distinxit:
811 673 989 713 videH.
1017 675 1151 715 Voles.
1177 674 1227 713 ad
1256 675 1400 729 Ezagr.
1426 677 1484 717 H.

27 734 80 772 E.
100 733 181 772 ΙΙΙ.
213 747 302 786 cap.
318 737 387 777 28.
413 731 534 772 Plato
561 730 605 768 in
636 730 792 798 primo
807 729 998 797 Lyside.
1033 728 1314 784 Ἐποοευόμην
1342 734 1423 800 μὲν
1448 735 1488 782 ἐξ

20 784 264 843 Ακαδημίας
284 786 389 831 εὗθῦ
411 789 603 829 Λυκείου·
632 801 755 824 mox:
781 781 859 835 Ἐξ
877 783 1116 839 Ἀκαδημίας
1135 786 1362 841 πορεύομαι
1381 785 1486 830 ευθῦ

28 848 229 888 Λυκείου
261 844 446 898 alibique
466 858 604 908 saepe.
665 843 784 880 Haec
803 856 894 881 cum
915 843 1002 881 sint
1021 845 1122 882 satis
1147 853 1261 895 nota,
1293 854 1418 898 atque
1438 847 1486 884 in

28 911 176 955 aperto
194 901 348 955 posita,
377 902 468 968 juie
490 898 668 948 mireris,
707 897 936 938 Olearinm'
924 913 969 936 m
991 898 1176 940 Philostr.
1187 900 1240 968 V.
1255 900 1306 941 A.
1321 903 1370 945 T,
1386 902 1483 943 V.II

26 972 69 1011 p·
91 962 187 1001 280
208 972 248 996 v·
271 960 337 1001 25.
375 953 397 998 ὁ
424 956 496 1009 μὲν
526 954 772 1009 (Διογένης)
802 951 903 996 ευθύ
931 960 1113 1007 Χαιοωνε
1101 960 1179 1005 <lag
1204 953 1340 1009 ἥκων,
1374 958 1486 997 verti

22 1013 236 1062 voluisse,
269 1015 403 1052 statim
426 1023 517 1065 post
542 1028 618 1065 pug
619 1028 713 1050 nam
736 1010 996 1051 (Ι-Ῐιαειοηεατνι
1026 1012 1233 1062 accedens,
1267 1028 1362 1052 cum
1391 1014 1487 1053 sine

22 1072 113 1108 ulla
156 1069 425 1108 dubitatione
458 1066 706 1107 vertendum
748 1068 824 1116 sit,
876 1078 980 1107 rcc‘a
1012 1067 1273 1108 Chaeroneam
1312 1069 1482 1109 tendens.

24 1124 192 1164 Omitto
229 1123 491 1164 Chaeroneam
531 1137 610 1177 pro
646 1122 904 1164 Clcaeroncnsi
938 1124 1225 1179 negligentius
1262 1127 1483 1179 scriptum.

19 1181 204 1221 Hmusw.

137 1237 240 1277 Ead.
264 1239 377 1282 1.18.
396 1234 542 1288 ’Ὅμως
566 1231 872 1290 αντιβαίνοντας
893 1238 961 1279 καὶ
979 1235 1145 1288 ὑπτίους
1169 1235 1484 1292 αντερείδοντας,

26 1291 147 1337 οὐδὲν
172 1294 285 1343 δέον)
314 1294 432 1348 Micy
423 1292 533 1332 llus.-
578 1291 763 1332 reluctari
791 1304 919 1332 tamen
945 1306 980 1333 ct
1005 1299 1203 1349 resupinos
1231 1296 1355 1334 obniti
1375 1296 1487 1335 nulla

23 1353 248 1391 necessitate
274 1361 341 1388 aut
361 1348 564 1389 commodo
588 1365 670 1388 suo.
731 1349 944 1403 Equidem
970 1351 1081 1389 nihil
1102 1356 1229 1404 plane
1255 1366 1368 1390 nunc
1390 1353 1487 1406 agi-

22 1416 95 1446 tur
116 1405 167 1446 de
188 1405 410 1445 commodo
436 1404 798 1455 descendentium,
831 1416 873 1445 et
894 1410 1036 1445 nullus
1054 1407 1156 1445 huic
1178 1407 1277 1446 voci
1295 1411 1413 1445 locus
1437 1409 1487 1446 in

26 1461 108 1502 hac
127 1462 322 1501 oratione
351 1460 440 1500 dari
463 1470 618 1513 potest.
678 1462 829 1516 Itaque
849 1462 1083 1502 Benedzctus
1116 1478 1165 1502 eo
1186 1461 1484 1503 animadverso

25 1528 261 1572 postremas
279 1528 362 1556 tres
382 1531 508 1556 voces
537 1516 731 1558 abscidit.
792 1517 871 1557 Sed
895 1518 1033 1557 nihilo
1058 1522 1153 1571 plus
1174 1519 1258 1558 huc
1279 1520 1486 1559 convenit

26 1575 103 1614 ina
127 1573 367 1614 necessitas.
426 1572 528 1612 Non
547 1572 660 1612 enim
677 1573 802 1613 modo
825 1573 929 1626 ipsis
949 1589 1116 1614 necesse
1135 1590 1223 1615 non
1249 1572 1310 1615 est
1331 1575 1486 1627 obniti,

27 1630 101 1670 sed
123 1630 335 1670 contraria
358 1628 588 1669 necessitas
622 1629 729 1682 ipsis
752 1630 962 1669 incumbit
994 1632 1138 1684 quiete
1159 1642 1201 1671 et
1231 1630 1385 1684 cupide
1417 1631 1488 1672 de-

25 1684 273 1726 scendendi.
333 1684 413 1725 Sed
432 1699 510 1724 nec
533 1685 692 1725 Graeca
718 1687 945 1739 quicquam
965 1686 1016 1725 de
1039 1688 1300 1728 necessitate.
1334 1688 1364 1724 V
1373 1698 1488 1728 erte:

26 1745 225 1796 resupinos
254 1740 485 1790 obnitentes,
519 1757 606 1781 cum
624 1740 669 1779 id,
680 1744 779 1794 fieri
797 1758 875 1781 non
895 1754 1102 1795 oporterssi
1135 1759 1213 1782 non
1234 1747 1293 1782 si'c
1310 1743 1488 1799 facien-

29 1797 123 1838 dum
149 1808 253 1839 esset.
313 1797 373 1836 Ut
398 1796 448 1836 de
471 1797 727 1837 Saltatione:
760 1799 952 1846 ἐπαίνους
977 1801 1199 1852 ἐπιβοωντα
1221 1795 1374 1854 ολὲθρῳ
1407 1817 1488 1842 τινι

30 1852 236 1924 ἀνθρώπῳ
257 1855 313 1902 εἶς
334 1851 450 1895 οὐδὲν
466 1855 558 1895 δέον
576 1855 871 1924 κατακλωμένῳ.
913 1855 1207 1894 Hermotimo:
1241 1855 1393 1906 διεξιών
1412 1852 1486 1898 αὖ·

28 1928 78 1953 τα
96 1912 164 1953 καὶ
184 1907 393 1964 ακριβολογ
397 1906 566 1962 οὐμενος
586 1907 677 1951 οὐδὲ
665 1927 703 1950 ν
721 1912 825 1952 δέον
886 1911 943 1948 Et
965 1910 1083 1960 alibi,
1116 1911 1188 1950 ubi
1207 1921 1319 1952 recte
1337 1912 1488 1952 adten-

20 1966 196 2006 derunt.
256 1966 326 2006 Sic
345 1976 387 2005 et
407 1966 503 2016 alii,
535 1974 583 2004 ut
604 1965 878 2006 Demosthenes
901 1943 1151 2019 Olynthiac.
1175 1975 1216 2012 3.
1235 1969 1339 2010 πλέω
1369 1966 1398 2021 ἢ
1416 1972 1487 2022 χῖ·-

27 2028 93 2065 λια
123 2024 190 2065 καὶ
218 2019 458 2065 πεντακόσια
483 2021 652 2063 τάλαντα
681 2019 939 2075 ἀνηλώκαμεν
967 2025 1022 2071 εἰς
1051 2021 1166 2066 οὐδὲν
1198 2025 1301 2066 δέον.
1333 2025 1482 2067 Grion.

28 2079 214 2135 Egregia
239 2094 325 2119 vox
352 2088 394 2116 et
411 2078 490 2116 hac
510 2077 689 2117 notione
711 2092 824 2128 rma,
857 2077 1116 2132 ἀντιβαίνειν,
1148 2080 1355 2134 obfirmato
1389 2081 1487 2135 pede

30 2140 74 2177 in
93 2148 233 2175 terram
253 2138 346 2175 niti.-
377 2135 535 2187 pariter
553 2133 718 2185 zeperio
737 2135 782 2172 in
798 2136 970 2175 Arriani
987 2135 1151 2175 Indicis
1173 2151 1207 2175 c.
1231 2142 1295 2181 16.
1317 2137 1393 2176 ubi
1412 2138 1486 2176 In-

31 2192 182 2232 dorum
215 2190 444 2246 sagittandi
469 2191 676 2230 rationem
704 2191 905 2261 exponit:
937 2210 1002 2233 και
1032 2196 1148 2233 τοῦτο
1178 2190 1348 2260 (τόξον)
1377 2192 1491 2235 κάτω

0 2273 1 2291 z
32 2250 99 2291 ἐπεὶ
123 2247 197 2301 τὴν
226 2253 301 2303 γῆν
330 2248 467 2296 θέντες
493 2265 559 2288 και
589 2251 646 2301 τῷ
670 2248 765 2288 ποδὶ
794 2252 850 2315 τῷ
871 2242 1067 2315 ἆριστερῶ
1095 2246 1323 2303 αντιβαντες
1357 2249 1487 2299 οὕτως

0 2328 1 2347 ;
30 2304 298 2356 ἐκτοξεύουσι,
328 2302 402 2356 τήν
422 2302 572 2356 νεύρην
600 2303 665 2345 ἐπὶ
697 2304 795 2358 μέγα
822 2300 947 2346 οπίσω
967 2300 1257 2358 ἀπαγαγόντες·
1294 2305 1405 2345 idem
1432 2306 1487 2346 de

0 2383 1 2386 =
30 2360 244 2401 Arabibus
271 2360 498 2400 memoriae
532 2358 679 2427 prodit
697 2360 879 2413 scriptor
908 2360 1020 2413 apud
1041 2360 1208 2400 suidam
1228 2363 1414 2401 incertus
1437 2363 1488 2402 iu

0 2419 3 2462 ζ
19 2416 196 2488 Αραβες
214 2427 256 2457 et
274 2412 537 2470 αντιβαίνειν·
568 2433 618 2456 αι
621 2416 657 2457 τὶ
681 2420 760 2457 τῶν
779 2420 918 2471 χειρῶν
944 2434 997 2458 τω
1030 2420 1123 2458 ποὸὶ
1149 2419 1402 2471 ἐμβαίνοντες
1430 2421 1488 2468 εἷς

31 2473 106 2525 τὴν
126 2491 296 2527 νευραν,
326 2477 517 2515 κυκῖοῦσι
534 2470 578 2514 τὸ
599 2471 738 2521 τόξον·
783 2486 903 2525 quem
927 2475 1067 2511 locum
1095 2474 1246 2511 summi
1268 2474 1350 2512 viri
1372 2474 1485 2516 Luci.

32 2530 195 2571 Kusieri
214 2529 377 2568 indicio
402 2537 621 2581 acceptum
644 2528 802 2568 refero:
834 2543 919 2568 rem
938 2538 1115 2569 venuste
1138 2529 1333 2584 Virgilius
1361 2545 1488 2585 prae-

32 2586 178 2640 pinxit
201 2585 524 2627 Aeneid.1.111.
548 2589 672 2628 v.88.

245 2666 302 2674 —
331 2640 594 2697 genibusque
621 2640 818 2681 adversae
839 2639 1033 2680 obluctor
1050 2655 1220 2682 arenae·

0 2712 2 2721 ’
33 2711 113 2738 nec
139 2698 279 2737 minus
309 2698 461 2739 eximie
489 2698 631 2738 Noster
660 2697 824 2750 Catapl.
843 2711 876 2738 c.
900 2703 940 2741 4.
972 2698 1040 2739 καὶ
1058 2702 1113 2754 τῷ
1130 2700 1224 2740 ποδι
1242 2694 1485 2750 αιτερειδων

32 2752 136 2812 πρὸς
158 2751 366 2811 τοῦδαφος
390 2773 440 2800 ον
475 2751 674 2804 namatus
702 2751 903 2810 εὐάγωγος
929 2746 1005 2808 ἧν·
1037 2742 1154 2808 quod
1179 2754 1264 2796 huc
1298 2755 1483 2809 perbene
