1741 3085
220 201 321 248 550
574 210 1326 243 Auno'rAT1onns

221 312 314 354 nib,
333 325 374 349 n.
399 314 436 353 1.
497 309 604 361 Ejus
637 307 843 347 sermonis
865 306 988 347 fidem
1012 321 1099 347 non
1124 322 1271 362 parum
1294 304 1523 358 imminuit,
1556 307 1673 363 quod

221 369 284 408 :tei
303 378 385 406 tam
406 364 691 403 memorabilis
721 364 980 404 mentionem
1009 364 1164 403 fecisse
1185 367 1343 403 nullam
1364 363 1560 404 videatur
1582 365 1672 404 Po-

222 424 362 479 lybias.
421 421 539 461 Livio
563 435 661 459 sane
686 420 788 474 quin
809 429 1002 473 suspecta
1025 419 1157 459 fuerit
1177 419 1281 459 haec
1303 419 1504 469 narratio,
1533 434 1671 471 neum,

224 495 299 532 qui
320 491 473 516 morem
495 479 584 530 ejus
607 477 882 530 cognoverit,
915 476 1040 514 facile
1061 475 1299 515 dubitabit:
1332 490 1426 514 nam
1448 485 1674 529 postquam

224 535 277 573 de
298 533 431 572 Villio
454 545 653 584 tanquam
666 548 748 572 rem
770 535 1027 584 exploratam
1050 532 1288 583 scripsisset
1304 532 1484 581 XXXV,
1502 536 1566 574 14.
1591 549 1676 572 eum

220 591 413 643 Ephesum
430 588 650 644 profectum
674 589 823 628 dedisse
842 604 1016 642 operam,
1048 599 1091 628 ut
1113 604 1200 627 cum
1224 587 1476 639 Hannibale,
1506 590 1573 642 qui
1593 598 1675 628 tum

221 647 278 686 ibi
294 646 412 703 forte
440 656 546 693 erat,
586 661 698 698 saepe
730 661 848 699 congr
843 644 1040 693 ederetur,
1084 643 1293 693 Claudius,
1326 644 1495 696 inquit,
1526 654 1678 683 secutus

224 701 399 741 Graecos
428 700 642 741 Acilianos
669 701 809 749 libros,
845 701 891 742 P.
918 700 1161 756 Africanum
1193 703 1234 738 in,
1259 715 1304 739 ea
1323 700 1457 756 fuisse
1486 700 1677 752 legatione

219 768 258 796 11
252 757 366 804 adn
399 774 557 811 eumque
572 756 714 810 Ephesi
733 756 969 796 collocutum
988 772 1076 795 cum
1099 756 1352 795 Hannibale.
1405 756 1501 795 Hoc
1521 757 1607 805 ille,
1639 755 1678 793 si

221 812 433 867 Polybium
453 812 625 852 haberet
644 822 856 851 auctorem
871 840 883 861 ,
918 826 1136 865 nunquam
1160 812 1505 865 interposuisset,
1538 824 1679 864 neque

221 868 353 906 alium
383 867 502 906 sibi
490 882 535 906 m
556 866 738 907 historia
770 870 1017 922 pervulgata
1041 867 1329 920 fidejussorem
1352 876 1559 920 parasset,
1591 877 1677 905 tam

221 924 393 961 solicite
416 923 714 963 demonstratis
738 923 958 972 fontibus,
993 922 1104 962 unde
1127 923 1271 962 fabula
1295 933 1504 962 manarat:
1535 922 1678 961 noluit

222 987 361 1018 tamen
389 993 554 1031 operam
570 993 688 1017 suam
710 979 755 1017 in
776 993 823 1018 ea
839 993 881 1017 re
895 979 1033 1017 literis
1053 978 1290 1018 mandanda
1312 977 1552 1027 desiderari,
1570 992 1679 1031 quae

223 1043 266 1073 et
287 1035 473 1073 Romani
496 1035 684 1073 nominis
708 1034 955 1088 imperatori
979 1048 1140 1073 summo
1163 1035 1378 1088 singulare
1400 1035 1571 1073 virtutis
1593 1034 1679 1072 bel-

219 1089 329 1130 licae
358 1090 675 1139 testimonium,
708 1100 751 1129 et
781 1099 941 1128 tantam
969 1090 1219 1144 legentibus
1241 1089 1380 1129 adfert
1399 1092 1678 1142 voluptatem,

221 1156 296 1196 ut,
329 1147 364 1184 si
386 1160 525 1185 veram
548 1161 637 1185 esse
672 1146 756 1184 sibi
779 1161 867 1186 non
891 1145 1199 1199 persuadeant,
1232 1146 1414 1185 libenter
1439 1147 1583 1184 saltem
1606 1159 1681 1198 op-

222 1211 329 1242 tent.
392 1203 443 1240 In
468 1202 622 1241 Iuliani
643 1202 809 1242 Caesar.
830 1216 871 1254 p.
892 1206 986 1245 320.
1009 1212 1052 1241 et
1073 1216 1159 1256 seq.
1181 1201 1257 1240 ubi
1277 1201 1440 1243 Julium
1462 1201 1702 1254 Caesarem,

222 1266 267 1296 et
290 1258 584 1297 Alexandrum
607 1258 719 1297 inter
741 1272 785 1297 se
805 1258 1039 1310 componit,
1072 1261 1203 1296 multa
1227 1257 1409 1310 reperies
1429 1257 1479 1296 ab
1503 1256 1572 1294 his
1591 1255 1697 1296 non'

222 1313 347 1352 valde
370 1313 645 1353 dissidentia:
681 1314 858 1354 Luc-iani
878 1314 924 1351 in
946 1314 1061 1352 notis
1080 1313 1131 1352 ad
1156 1314 1266 1352 illud
1283 1314 1490 1366 scriptum
1504 1312 1681 1352 Gallicis

224 1381 348 1420 saepe
377 1369 573 1408 meminit
606 1370 785 1409 illustris
819 1370 1096 1423 Spanlzemius‚
1127 1372 1303 1423 ejusque
1332 1369 1565 1408 sententias
1586 1382 1682 1406 cum

224 1424 386 1463 Juliano
409 1426 685 1477 comparavit.
747 1425 944 1465 Ceterum
965 1425 1068 1465 haec
1094 1424 1328 1464 Alexandri
1346 1424 1399 1463 lis
1422 1435 1550 1478 atque
1566 1425 1683 1469 Ham

223 1480 379 1518 nibalis
403 1479 635 1533 disceptata
655 1481 742 1519 fuit
760 1481 806 1518 in
825 1481 1053 1519 Beatorum
1077 1480 1216 1519 insula
1231 1511 1242 1528 ‚
1275 1484 1341 1533 jus
1368 1480 1539 1520 dicente
1558 1479 1686 1519 Rha-

227 1534 482 1585 damantho,
515 1545 563 1573 ut
582 1536 744 1584 Noster,
779 1536 854 1588 qui
884 1537 971 1588 ipse
992 1535 1157 1587 judicio
1188 1537 1310 1574 testis
1331 1540 1525 1575 oculatus
1553 1537 1684 1575 inter..

227 1591 326 1640 fuit,
360 1601 501 1629 narrat
526 1591 622 1631 Ver.
644 1592 755 1633 Hist.
776 1589 834 1631 II.
858 1595 896 1641 0.
911 1596 950 1635 8.
972 1591 1032 1629 ibi
1055 1590 1107 1630 de
1129 1591 1332 1643 Scipione
1353 1591 1489 1637 nihi1;
1524 1591 1685 1645 quippe

225 1645 513 1687 Romanorum
547 1650 713 1698 nullos,
755 1661 848 1686 cum
879 1661 928 1685 eo
966 1646 1130 1685 delatus
1165 1647 1251 1685 fuit
1277 1647 1498 1696 Luc-ianus,
1543 1646 1685 1684 insula

226 1702 453 1741 Beatorum
490 1702 653 1745 habuit.
726 1703 797 1741 De
825 1705 1020 1756 προεδρίᾳ
1046 1716 1170 1753 vero,
1221 1701 1333 1755 apud
1361 1702 1522 1741 inferos
1558 1701 1685 1741 etiam

226 1758 351 1797 valde
380 1758 643 1809 honorifica,
685 1768 727 1799 et
755 1759 887 1798 variis
917 1758 1181 1808 umbrarum,
1215 1771 1322 1811 quae
1354 1758 1423 1810 pie
1454 1766 1684 1810 sancteque

227 1814 358 1853 vitam
386 1814 429 1851 iu
453 1814 616 1867 superis
642 1818 875 1864 coluerant,
907 1813 1148 1868 privilegiis
1171 1814 1459 1867 opportunior
1478 1813 1559 1852 erit
1580 1811 1685 1855 alias

228 1869 400 1909 dicendi
418 1874 552 1909 locus.
585 1871 763 1912 Hssms‘r.
777 1871 836 1910 Π.
864 1847 973 1909 ’Esse
994 1869 1156 1924 aliquid
1178 1871 1353 1909 Veteres
1376 1868 1682 1908 existimabant

227 1925 341 1978 apud
360 1926 523 1965 inferos
546 1926 749 1965 honorari
765 1927 988 1991 προεδρία,
1019 1939 1098 1964 nec
1116 1940 1202 1964 rem
1225 1936 1309 1964 tam
1333 1925 1562 1978 optabilem
1582 1939 1685 1964 con-

227 1981 395 2034 tingere
416 1982 500 2019 nisi
520 1979 729 2021 initiatis:
762 1982 946 2035 insignis
968 1991 1029 2021 est
1053 1981 1166 2035 apud
1188 1981 1426 2021 Laz'rtium
1414 1995 1460 2020 ln
1468 1981 1686 2050 Diogene

226 2038 372 2078 locus:
407 2035 629 2087 ἀξιούντων
651 2035 893 2091 Ἀθηναίων
914 2042 1125 2091 μυηθῆναι
1142 2033 1280 2090 αὐτὸν,
1310 2035 1614 2109 καὶὶεγόλντων,
1630 2052 1687 2084 ως

227 2093 270 2134 ἐν
313 2091 416 2148 ᾅδου
453 2095 672 2162 προεδρίας
702 2097 742 2136 οἷ
772 2095 1034 2168 μεμυημένοι
1049 2092 1315 2162 τυγχάνουσι,
1361 2098 1548 2143 Γελοῖον,
1592 2093 1685 2145 ἔφη,

228 2135 483 2215 (Διογένης),
516 2153 551 2191 εἰ
570 2147 811 2204 Ἀγησίλαος
841 2151 912 2204 μὲν
929 2154 999 2193 καὶ
1023 2147 1376 2203 Ἐπαμινωνδας’
1359 2166 1401 2193 εν
1422 2154 1479 2217 τῷ
1502 2147 1687 2203 βορβόρῳ

227 2202 457 2254 διάξουσιν,
492 2203 657 2255 εὐτελεῖς
685 2208 728 2248 δέ
746 2223 849 2256 τινες
879 2207 1160 2259 μεμυημένοι’
1143 2223 1184 2248 εν
1214 2212 1299 2255 ταῖς
1329 2202 1520 2260 μακάρων
1547 2217 1688 2257 νησοις

228 2260 403 2303 ξ’·σονται
433 2261 553 2302 Dial.
575 2276 741 2317 quoque
764 2268 827 2306 10.
849 2263 1063 2315 lVlenippo
1079 2262 1269 2302 virorum
1290 2263 1451 2315 optimo
1469 2261 1689 2315 ποοεδρίαν

233 2315 427 2370 adsignat
465 2317 642 2357 honoris
689 2332 789 2373 eigo
830 2319 1074 2359 Mercurius
1112 2318 1158 2356 in
1201 2317 1432 2357 Charontis
1471 2316 1685 2359 navicula.
1722 2315 1732 2318 ⁷

232 2369 415 2415 HEMST.
445 2374 467 2413 I

345 2429 444 2481 Peg„
468 2434 561 2473 181.
589 2432 618 2469 l.
641 2434 681 2473 9.
716 2436 938 2486 Διενεγκεῖν
969 2428 1018 2472 τὰ
1049 2431 1239 2483 πολέμια)
1269 2429 1429 2485 Aptius
1457 2426 1686 2468 crediderit

233 2483 388 2546 aliquis
421 2504 465 2525 τα
496 2485 690 2538 πολεμικὰ
721 2502 809 2526 (am
839 2487 893 2526 ob
916 2502 1024 2536 rem,
1058 2485 1175 2538 quod
1203 2487 1443 2540 frequenter
1474 2492 1682 2532 occurrat,

232 2548 276 2577 et
296 2538 436 2578 interi
441 2543 523 2579 allo
548 2555 635 2580 non
654 2543 860 2582 mediocri
889 2542 1079 2596 disjungi
1103 2540 1325 2580 videantur
1345 2540 1530 2606 πολέμιος
1549 2548 1591 2578 et
1611 2554 1685 2580 πο-

229 2592 398 2647 λδμικθς·
458 2596 614 2635 Verum
648 2598 851 2638 servanda
884 2607 947 2637 est
965 2596 1170 2650 loquendi
1196 2597 1393 2645 formula,
1426 2597 1566 2665 cujus
1563 2603 1684 2633 vete-

230 2663 296 2689 res
313 2659 480 2690 secutus
501 2661 561 2689 est
583 2652 784 2694 Lucia-nus
804 2663 1009 2694 auctores.
1071 2650 1292 2705 Thucydid.
1315 2650 1351 2690 Ι.
1369 2665 1404 2690 c.
1430 2656 1497 2695 18.
1522 2667 1565 2692 ευ
1585 2666 1684 2714 παρ-

230 2703 500 2751 εσκευάσαντο
533 2704 578 2749 τά
610 2711 798 2762 πολέμια
841 2708 894 2749 ad
921 2723 1043 2764 quem
1063 2710 1228 2758 locum,
1259 2719 1313 2746 ne
1338 2706 1433 2763 quis
1457 2703 1683 2761 praecipiti
