1741 3132
475 222 535 252 IN
570 221 880 261 D1ALoeos
914 234 1182 275 DEORUM.
1443 245 1543 295 353

82 311 195 353 Fulv.
230 314 393 357 Ursinus
417 320 460 357 in
489 322 601 376 Vir-g.
641 339 733 364 cum
768 329 840 369 Gr.
882 332 964 375 Ser.
993 340 1089 378 coll.
1119 354 1159 392 p.
1194 346 1286 389 196.
1329 363 1409 391 nec
1436 370 1537 399 sane

75 369 183 406 mirri
208 371 423 422 p10babile
448 377 635 427 videtur,
671 382 720 420 ab
749 385 922 428 Homero
954 404 1041 431 esse
1074 399 1314 446 profectos:
1348 408 1383 446 si
1419 415 1530 453 enim

73 425 155 475 jam
179 436 265 465 tum
293 431 434 470 fabula
458 436 611 474 fuisset
635 449 759 489 nota,
796 445 890 495 quis
917 448 1081 499 credat,
1127 455 1363 511 principem
1396 480 1534 510 vacem

72 480 118 516 in
142 484 315 522 materia
346 497 427 525 tam
453 488 660 543 benigna,
691 495 764 534 ubi
799 499 1014 540 facultatis
1048 510 1240 557 poeticae
1272 517 1404 559 virtus
1432 526 1532 564 niti.

72 533 245 576 dissime
269 552 432 589 poterat
458 543 685 599 explicari,
722 553 812 592 fore
839 556 1036 610 desidem,
1063 563 1124 601 sic
1144 576 1190 603 ut
1212 583 1419 625 nusquam
1440 583 1528 621 guig

66 593 302 634 luminibus
334 610 520 640 ornatam
555 604 820 648 intersereret
853 623 935 652 tam
971 614 1119 657 bellam
1155 627 1394 675 gravissimi
1428 635 1526 678 belli

67 660 255 688 caussam
271 653 290 690 ἰ)
324 654 474 708 Neque
497 658 661 711 desunt,
685 678 788 716 quas
809 681 923 706 nunc
945 672 1114 724 quidem
1134 690 1325 729 promere
1349 702 1430 727 non
1460 705 1524 734 est

65 715 369 759 opportunum,
404 715 544 762 plures
568 718 779 768 rationes,
815 724 969 776 quibus
1004 743 1202 778 moveor,
1238 748 1284 775 ut
1304 755 1399 793 post
1421 748 1520 789 Iso-

61 774 204 798 merum
227 765 484 805 celeberrimi
507 771 656 820 judicii
678 790 958 819 commentum
992 786 1203 836 prodiisse
1227 792 1391 838 demum
1427 818 1519 844 ore-

58 813 167 858 dam,
228 820 410 860 Exstitit
430 825 540 864 inter
559 829 639 865 alia
664 835 917 887 multiplicis
936 844 1171 884 caelaturae
1195 862 1441 902 argumenta
1471 862 1517 901 ἱη

56 869 127 907 illa
150 872 326 926 Cypseli
347 881 412 917 vel
432 883 752 934 Cypselidarum
785 906 900 942 arca,
948 898 1066 948 cujus
1101 900 1144 938 in
1173 903 1356 948 Junonis
1387 915 1517 958 Eleae

53 931 212 980 templo
236 929 455 975 dedicatae
498 942 691 980 meminit
710 946 818 985 Dion
847 950 977 1004 Glzzys.
1007 954 1081 994 Or.
1102 956 1153 997 X.
1179 974 1219 1010 p.
1246 967 1335 1008 163,
1369 969 1419 1010 Β,
1448 988 1513 1012 50-

47 980 211 1022 licitam
235 986 562 1042 descriptionem
593 1002 799 1052 exposuit
824 1004 996 1050 Pansam.
1030 1010 1078 1049 V.
1113 1027 1157 1066 p.
1179 1021 1274 1061 419.
1310 1037 1404 1064 cum
1435 1030 1512 1070 tali

49 1038 351 1093 epigrammate
380 1061 420 1100 p.
445 1054 538 1094 425.

259 1096 452 1153 ’Ἑρμείας
472 1101 536 1147 ὅδ’
557 1103 811 1170 Ἀλεξάνδρῳ
833 1120 1028 1172 δεικνῦσι,
1060 1124 1217 1184 διαιτῇυ

273 1161 354 1199 Τοῦ
374 1163 530 1213 εἴδους,
551 1162 691 1220 ”Ηραν
715 1173 779 1212 καὶ
796 1170 986 1227 Ἀθηνᾶν
1004 1182 1070 1221 καὶ
1086 1179 1359 1240 Ἀφροδίταν·

44 1207 160 1260 quod
183 1210 218 1248 si
238 1212 462 1255 Eumelum
492 1220 764 1264 Corinthium
797 1227 947 1269 babeat
978 1246 1214 1291 auctorem,
1249 1256 1295 1284 ut
1315 1263 1415 1290 saue
1435 1268 1503 1291 su-

42 1264 232 1314 spicatur
272 1269 516 1321 Pausanias,
567 1281 899 1323 vetustissimum
942 1302 1031 1329 esse
1062 1307 1244 1344 oportet.
1317 1305 1501 1349 Fabulae

40 1331 142 1358 vero
162 1336 248 1360 non
280 1325 539 1378 injucunclae
568 1345 749 1375 mentem
782 1341 905 1380 aliter
937 1355 1065 1397 atque
1091 1352 1215 1392 aliter
1245 1371 1501 1413 acceperunt

37 1377 310 1420 recentiores.
383 1383 470 1435 Qui
518 1391 689 1430 nomine
729 1395 887 1435 Daretis
926 1400 1088 1455 Phrygii
1116 1411 1299 1464 celatur,
1342 1431 1375 1455 c.
1399 1419 1497 1464 VII.

38 1428 92 1468 de
111 1431 256 1472 fabula
279 1439 487 1479 somnium
511 1444 630 1494 facit,
664 1450 776 1501 quod
802 1452 944 1492 Paridi
969 1472 1109 1498 revera
1130 1464 1263 1506 fuerit
1293 1471 1496 1517 oblatum:

34 1499 115 1525 nec
133 1502 252 1528 secus
278 1493 475 1535 Devom'us
493 1497 542 1538 ‹Je
566 1501 668 1544 Bell.
703 1506 815 1558 Troj„
852 1509 912 1557 ΙΙ,
941 1517 1035 1556 228.
1068 1517 1111 1554 in
1138 1524 1283 1562 multis
1316 1532 1496 1579 pessime

33 1554 273 1597 corruptus,
334 1551 441 1591 Dion
465 1553 780 1611 Chrys-ostomus,
813 1575 860 1601 ut
890 1566 1195 1626 philosophus,
1230 1595 1385 1623 morem
1410 1588 1495 1627 So·-

33 1599 257 1652 creticum,
292 1608 507 1647 mutandis
530 1614 571 1649 in
594 1628 738 1654 omnes
763 1618 1017 1672 disciplinae
1037 1633 1206 1672 moralis
1231 1637 1387 1679 formas
1412 1657 1491 1695 pro

28 1667 74 1693 re
95 1666 193 1695 nata
218 1659 410 1712 fabellis,
444 1668 660 1719 sequitur:
699 1672 814 1715 Orat.
839 1676 933 1720 XX.
957 1695 994 1732 p.
1025 1690 1123 1730 266.
1155 1695 1251 1734 267.
1294 1696 1489 1740 Paridem

28 1709 200 1751 inducit
226 1717 370 1756 animo
389 1735 570 1761 vacuum
593 1736 634 1763 et
652 1725 802 1768 inertis
835 1735 914 1771 otii
941 1740 1136 1793 plenum,
1170 1748 1269 1800 qui,
1305 1750 1402 1791 dum
1422 1756 1490 1794 ni-

23 1887 202 1930 potente
220 1896 525 1938 prorumpant:
559 1893 733 1933 eandem
753 1912 837 1936 rem
870 1904 997 1957 longe
1032 1907 1196 1951 diversa
1230 1917 1299 1955 via
1331 1928 1485 1963 tractat

22 1933 68 1971 in
96 1934 211 1977 Orat.
228 1940 380 1980 Troica
402 1954 528 1998 atque
549 1949 666 1991 alibi.
730 1954 784 1990 At
809 1955 841 1991 si
872 1956 1092 2013 Ceth-enus,
1138 1968 1286 2011 Suici'as
1316 1975 1360 2012 in
1395 1977 1483 2019 Πά-

17 2006 134 2043 ριον,
165 1994 324 2034 Malela
342 2012 382 2050 p.
411 2006 498 2043 114.
533 2013 655 2043 testes
681 2006 914 2051 habeantur
945 2020 1045 2056 satis
1081 2021 1250 2076 idonei,
1291 2032 1372 2081 jam
1403 2036 1483 2074 Pa-

17 2046 78 2084 ris
102 2047 180 2086 erit
199 2050 308 2090 inter
330 2057 653 2109 antiquissimos
671 2065 897 2116 scriptores
919 2072 1256 2120 adnumerandus
1271 2115 1281 2131 ‚

18 2102 94 2156 qui
121 2109 354 2148 encomium
387 2110 563 2152 Veneris
595 2117 759 2157 Junoni
790 2123 1099 2182 Nlinervaeque
1134 2142 1344 2186 praelatae
1366 2159 1480 2184 com·

17 2161 233 2210 posuerit;
268 2164 413 2205 itidem
437 2169 641 2221 hymnum
667 2176 796 2215 titulo
825 2183 976 2223 Κεστοῦ
994 2192 1323 2244 praescriptum:
1357 2214 1378 2237 a
1415 2211 1478 2240 ta-

14 2213 128 2252 libus
159 2217 427 2261 incunabulis
467 2238 656 2267 exortam
686 2245 774 2270 esse
805 2235 1013 2290 fabulam,
1056 2242 1143 2292 his,
1176 2249 1210 2284 si
1234 2251 1372 2304 lubet,
1404 2271 1477 2295 au-

14 2271 206 2310 moribus
231 2275 364 2316 crede.
429 2280 621 2322 Ceterum
651 2288 843 2328 Paridem
875 2293 927 2331 ad
946 2295 1062 2335 litem
1095 2302 1283 2344 Dearum
1315 2309 1477 2351 finien-

15 2323 110 2364 dam
141 2331 294 2368 lectum
343 2334 385 2371 hi
416 2338 609 2391 δικαστήν
646 2348 710 2382 vel
742 2347 903 2400 κριτὴν,
949 2354 1152 2408 διαιτητὴν
1189 2362 1262 2399 alii
1293 2379 1473 2410 vocant:

13 2388 414 2439 utrumqueNostc1-.·
444 2393 684 2448 Lycophron
709 2414 744 2436 v.
768 2405 834 2445 93.
860 2403 1027 2456 κάλλους
1046 2412 1115 2452 τὸν
1138 2416 1247 2462 (nisi
1269 2421 1364 2472 quis
1387 2439 1472 2463 nra-

12 2437 70 2475 lit
88 2445 199 2488 ταὶς)
222 2449 427 2498 θυωριτην
444 2459 624 2502 mmmm
641 2466 648 2475 ·
684 2462 909 2500 translatae
928 2465 1162 2506 locutionis
1181 2476 1471 2526 expediendae

12 2492 125 2531 viam
149 2497 230 2535 nisi
260 2512 420 2542 veteres
455 2507 758 2560 ostendissent,
791 2517 930 2554 minus
957 2522 1154 2572 equidem
1185 2530 1378 2584 mirarer,
1422 2536 1470 2575 in.

13 2560 64 2586 ea
88 2547 335 2595 declaranda
348 2559 710 2604 Commentatores
732 2571 1043 2614 eruditissimos
1064 2593 1149 2618 non
1166 2583 1355 2628 laborare
1377 2601 1469 2629 tan-

11 2611 118 2654 tum,
144 2608 214 2645 sed
235 2611 330 2654 labi.
383 2618 549 2671 Θυωρὸς
570 2632 631 2658 est
652 2622 830 2671 primum
855 2643 995 2669 mensa
1015 2647 1126 2672 sacra
1154 2649 1196 2676 et
1218 2640 1466 2686 ministeriis

12 2657 173 2701 divinis
196 2675 316 2716 apta,
349 2683 397 2710 ut
417 2673 552 2713 Festus
573 2676 633 2714 ait
651 2677 696 2714 in
718 2680 956 2736 Anclabris3
989 2702 1112 2740 quam
1135 2693 1180 2731 in
1203 2695 1467 2741 Christiano-

10 2727 102 2755 rum
123 2719 247 2758 etiam
272 2729 442 2778 templis
463 2730 632 2789 θυωρὸν
664 2733 828 2777 Nicetas
864 2741 1026 2798 aliique
1059 2746 1280 2792 dixerunt:
1313 2753 1468 2799 deinde

53 2784 202 2820 Lucian.
230 2789 312 2822 Vol.
338 2793 392 2824 II.
1152 2807 1187 2844 Z
