1741 3132
368 245 429 276 IN
467 243 784 276 n1ALooos
820 244 1230 279 Mon'rnoRUM.
1426 242 1521 287 (1131

64 347 184 397 cujus
216 342 374 382 honori
403 351 541 381 statua
571 351 660 382 erat
695 349 855 389 erecta,
889 341 960 380 sed
983 352 1024 382 et
1055 346 1229 384 virtutis
1249 356 1373 387 notas
1395 360 1523 404 atque

61 400 229 439 brevem
252 399 490 438 contineret
514 398 868 449 descriptionem:
899 399 1061 440 Aelian.
1086 401 1136 440 V.
1162 403 1216 442 H.
1242 404 1314 445 lib,
1330 405 1406 446 IX.
1429 422 1520 461 cap,

63 463 130 501 11.
152 455 426 510 ἐπιγράμματα
458 456 522 497 ἐπὶ
541 458 697 497 πολλῶν
724 451 894 496 εἰκόνων
922 453 1068 498 αὐτοῦ’
1098 457 1317 498 adeundus
1351 476 1521 519 quoque

61 513 218 554 Polluce
240 512 315 553 lib.
335 512 454 551 VIII.
479 526 512 551 c.
538 516 601 554 10.
626 525 752 566 segm.
775 517 869 555 131.
900 510 1015 551 Corn.
1040 513 1171 567 Nepos
1191 516 1236 554 in
1261 516 1362 557 Vita
1382 520 1522 561 Attici

62 585 152 624 cap.
180 575 258 628 18>
281 569 420 607 Nos-ier·
443 568 646 620 Necyom.
669 582 701 609 c.
722 571 786 610 17.
831 569 1013 608 Hssms‘r,
1047 570 1082 610 Ῑ.

175 625 278 665 Earl.
303 628 419 669 1.13.
457 626 600 678 Μέγαν
630 621 795 676 τάφον)
829 625 885 662 Et
908 624 1022 664 hunc
1046 630 1207 678 locum,
1244 639 1285 667 et
1317 632 1522 683 quaedam

58 697 147 735 raon
184 681 407 720 dissimilia
449 681 618 720 notavit
651 681 743 720 Des.
778 680 949 722 Her-ald.
982 681 1034 721 ad
1062 684 1250 725 Martial.
1283 686 1416 739 Vlll,
1450 693 1520 735 75.

56 740 239 779 HEMS'r.

172 796 270 849 Pag.
297 799 388 839 170.
409 797 436 833 l.
456 800 494 839 3.
526 791 736 849 Στράτων)
766 795 836 834 Sic
857 796 1018 849 optime
1045 795 1110 836 ed.
1134 797 1171 835 J.
1196 812 1283 836 non
1306 802 1416 840 enim
1436 805 1520 854 jam

60 851 191 892 Crato
220 852 435 905 loquitur,
469 852 533 889 uti
568 853 721 889 volunt
753 855 952 906 vulgatae
984 852 1079 893 edd.
1103 853 1175 892 sed
1206 856 1324 894 miles
1348 859 1521 911 quidam

57 917 278 961 tropaeum
301 908 455 951 ferens,
500 907 593 948 MS.
612 907 685 946 Gr.
711 917 751 947 et
772 909 815 952 P,
837 906 1022 961 ,Νεκρός-
1058 910 1173 961 quod
1198 912 1322 950 nimis
1351 929 1519 969 vagum,

55 965 213 1003 Facilis
234 974 372 1003 autem
395 964 575 1003 mutatio
595 970 720 1020 Στρα.
742 966 787 1004 in
802 970 905 1021 Κρα.
927 966 1096 1019 decepit
1117 968 1370 1008 oscitantem
1392 971 1521 1010 libra.

51 1021 174 1061 rium.
218 1021 380 1062 SOLAN.

172 1075 276 1117 Ibid.
312 1082 411 1131 Κρα.
434 1073 494 1118 ὅτι
514 1077 706 1130 ἐνίκησα)
737 1077 787 1117 In
810 1076 895 1116 Ms.
922 1093 1000 1132 pro
1022 1083 1123 1131 Κρα.
1145 1088 1208 1118 est
1231 1080 1406 1135 Νεκρός.
1438 1085 1520 1124 Est:

56 1134 169 1175 enim
191 1134 300 1172 alius
316 1147 439 1186 quam
456 1134 608 1173 Crato:
643 1135 841 1172 nimirum
863 1135 994 1184 miles,
1011 1136 1102 1174 sine
1116 1138 1303 1177 nomine.
1339 1139 1514 1179 GnAmn

166 1190 315 1229 Ead.l.
339 1194 377 1231 7.
409 1186 740 1243 Βρενθυόμενος)
773 1191 932 1228 Eorum
968 1191 1009 1228 in
1040 1195 1213 1230 classem
1248 1195 1518 1234 referendum

54 1257 119 1288 est
141 1246 225 1285 hoc
249 1245 437 1295 verbum,
466 1259 573 1299 quae
593 1259 685 1284 raro
707 1246 756 1284 ab
781 1247 885 1299 ipsis
905 1247 1120 1287 veteribus
1141 1261 1354 1301 usurpata,
1391 1252 1517 1305 quip-

51 1319 106 1359 pe
129 1312 256 1342 notae
278 1301 480 1355 plebejae,
513 1303 762 1342 recentioris
783 1303 877 1341 aevi
902 1304 1129 1356 scriptores
1153 1305 1420 1359 frequentius
1444 1322 1517 1347 ex·

51 1364 305 1400 coluerunt:
338 1357 382 1396 id
413 1359 524 1396 enim
552 1361 718 1412 elegans
751 1359 817 1398 illi
848 1369 975 1414 atque
1004 1360 1215 1398 eruditum
1245 1362 1517 1402 arbitraban-

51 1426 135 1466 tur,
168 1416 204 1454 si
225 1414 432 1454 vocabula
453 1414 499 1451 in
525 1417 684 1468 angulo
709 1415 892 1469 quodam
915 1416 1192 1469 antiquitatis
1216 1428 1378 1457 remoto
1405 1419 1518 1459 deli-

50 1472 257 1513 tescentia
291 1481 332 1512 et
362 1484 512 1509 scenae
543 1470 729 1509 libertati
767 1470 1008 1510 condonata
1030 1472 1266 1510 studiosius
1301 1485 1514 1526 eruerent,

52 1528 311 1584 scriptisque
333 1528 422 1565 suis
448 1526 567 1579 quasi
589 1529 776 1566 tessellas
809 1528 1056 1569 insererent.
1124 1529 1298 1567 Veniam
1320 1531 1515 1571 mereba-

50 1596 122 1625 tur
149 1593 380 1637 temperata
411 1584 624 1636 certisque
655 1582 811 1621 finibus
843 1584 1164 1637 circumscripta
1190 1585 1514 1640 haeslicen1133

48 1640 354 1692 Lexiphanum
392 1639 588 1679 effraenis
623 1638 760 1678 libido
803 1639 980 1679 Luciam·
1008 1641 1216 1694 virgulam
1258 1643 1509 1682 censoriam.

48 1697 248 1738 Facilius,
269 1697 408 1735 autem
431 1695 475 1732 in
506 1695 781 1748 βρενθύεσθαι
801 1695 1075 1749 significandi
1104 1697 1187 1736 vim
1221 1701 1512 1750 exemplorum

49 1768 131 1806 ope
153 1751 347 1800 declares,
381 1765 503 1804 quam
528 1750 755 1789 abstrusam
779 1751 986 1804 originem
1009 1753 1185 1803 aperias,
1233 1753 1512 1793 Grammatici

47 1808 316 1849 notationem
335 1816 536 1858 repetunt
559 1821 581 1844 a
604 1808 790 1862 Βρενθίῳ
813 1810 878 1844 vel
902 1811 1117 1862 quvfflt'go',
1137 1809 1353 1861 unguenti
1372 1810 1512 1862 Lydii

49 1877 203 1921 genere
230 1862 597 1910 aesfimafissimo,
633 1862 746 1915 quod
781 1862 936 1902 Pollux
964 1873 1143 1901 testatur
1163 1864 1245 1911 VI,
1270 1869 1360 1907 104.
1385 1875 1513 1904 vetu-

51 1931 201 1961 statem
222 1929 263 1959 et
282 1920 341 1958 rei
365 1930 405 1958 et
427 1918 613 1957 nominis
634 1920 796 1972 Sappho
816 1919 1038 1957 confirmat
1061 1919 1111 1957 ab
1126 1920 1329 1959 Athenaeo
1351 1920 1512 1973 produ-

11 2002 21 2015 :
47 1989 115 2018 cta
143 1977 236 2016 XV.
268 1991 310 2030 p·
341 1980 439 2018 690.
476 1975 525 2017 E.
587 1976 719 2014 Recte
753 1976 972 2030 Hesychius
1004 1985 1044 2014 et
1071 1975 1242 2030 Etymol.
1276 1978 1510 2029 Βρένθειον,

50 2039 180 2089 μῦρον
200 2038 279 2074 τῶν
299 2034 474 2086 παχέων,
510 2027 564 2080 ὥς
580 2028 607 2084 ἡ
630 2030 832 2084 Βάκχαρις
849 2047 856 2055 ·
890 2034 932 2073 οἵ
951 2032 992 2072 δὲ
1010 2028 1183 2073 ἀνθινὸν
1201 2037 1345 2087 μῦρον.
1405 2033 1512 2076 Βάκ·

47 2107 159 2146 χαρις
184 2090 296 2130 enim
312 2120 322 2135 ‚
355 2103 408 2127 ne
434 2088 528 2142 quis
550 2102 728 2126 errorem
760 2088 843 2126 viri
865 2087 1104 2126 doctissimi
1137 2098 1305 2127 secutus
1326 2089 1510 2142 labatur,

47 2157 97 2186 ut
118 2147 275 2184 docent
302 2145 435 2184 Sekol.
459 2144 645 2197 Aeschyl.
669 2143 720 2182 ad
738 2145 848 2183 Pers.
873 2158 913 2182 v.
941 2149 1009 2186 41.
1038 2143 1250 2183 Erotz'cmus
1268 2154 1309 2184 et
1336 2145 1511 2185 Galenus

49 2203 95 2241 in
131 2201 270 2239 Gloss.
303 2202 439 2253 Hipp.
472 2203 622 2240 Λυδῶν
654 2204 723 2239 vel
754 2197 913 2241 Λύδιόν
947 2216 983 2240 τι
1006 2204 1148 2252 μῦρον.
1209 2201 1317 2239 Cum
1335 2215 1435 2241 vero
1455 2203 1507 2240 ab

47 2257 193 2298 herbis
222 2266 263 2294 et
292 2254 490 2304 floribus,
524 2270 723 2295 eorumve
752 2255 985 2303 radicibus,
1019 2255 1132 2295 unde
1155 2255 1509 2307 conficiebantur,

48 2328 202 2353 nomen
225 2320 441 2365 unguenta
465 2311 695 2359 traherent,
721 2311 830 2351 idem
853 2312 1046 2350 evenisse
1068 2311 1171 2350 huic
1196 2315 1373 2366 βρενθίςο
1394 2313 1509 2354 nihil

49 2379 114 2410 est
136 2384 209 2408 cur
232 2368 499 2406 dubitemus:
529 2369 694 2420 βρένθις
714 2378 825 2406 certe
846 2370 909 2406 vel
931 2369 1095 2420 βρένθιξ
1114 2368 1286 2421 Cypriis
1310 2378 1398 2408 erat
1415 2373 1509 2422 θρί-

49 2428 122 2475 δαξ
142 2434 215 2464 aut
235 2427 465 2475 θριδακίνῃ,
496 2433 672 2461 auctore
690 2423 898 2462 Nicandro
923 2422 1033 2477 apud
1055 2424 1200 2462 Athen.
1223 2424 1282 2464 II.
1304 2440 1343 2478 p.
1366 2429 1432 2468 69.
1457 2427 1506 2466 B.

51 2491 95 2521 et
125 2481 344 2536 Hesyckio:
390 2479 500 2519 idem
541 2478 739 2533 βρενθινα
770 2488 1066 2518 commemorat
1096 2479 1257 2519 radices
1289 2481 1504 2533 quasdam,

52 2551 158 2591 quae
197 2537 420 2575 mulierum
459 2549 586 2589 genas
638 2534 765 2573 rubro
803 2539 946 2573 colore
982 2534 1204 2575 inficiant:
1253 2536 1509 2591 ,Εζγνηοῖοςῑιε

52 2592 225 2646 praebet
254 2595 457 2645 Βρενθία,
490 2603 688 2644 tanquam
720 2591 756 2628 si
788 2590 997 2629 diminuta
1022 2591 1136 2630 foiet
1161 2606 1245 2631 vox
1275 2607 1297 2630 a
1322 2595 1508 2647 βρέιιῖῑος,

48 2647 171 2701 'quod
199 2649 290 2699 ipse
321 2647 565 2701 suppeditat
595 2647 639 2684 in
676 2646 844 2700 Γήτειον
875 2661 914 2700 p.
939 2652 1034 2691 230.
1060 2648 1253 2702 βρένθος,
1283 2651 1509 2702 βρένῢκειον·

52 2704 135 2745 ἔστι
169 2703 217 2744 δὲ.
241 2703 345 2751 εἶδος
378 2708 617 2750 πολυτελοῦς
642 2702 791 2755 μύρου·
835 2717 1009 2756 eamque
1041 2703 1093 2741 ob
1126 2718 1312 2742 caussam
1339 2706 1509 2743 notavit

53 2760 231 2814 antiqua
257 2774 404 2798 manns
427 2760 479 2798 ad
504 2759 707 2800 Glememis
727 2759 851 2800 Paed.
873 2761 929 2799 II.
948 2773 991 2813 p,
1020 2764 1113 2802 177.
1142 2762 1337 2814 βρένθιον
1356 2758 1434 2803 (ῗιιιῖ
1461 2780 1510 2800 22-

1107 2817 1177 2854 Li
1212 2823 1234 2842 «Ὗ

1212 2852 1236 2860 ιν
